3044 5124
304 391 359 455 108
610 407 766 454 5555155
789 405 865 453 srm
891 405 1121 455 5555555115.

188 563 190 568 ’
297 566 358 624 585
382 559 464 646 Spes
485 569 535 623 est
557 558 682 643 salutis,
705 558 762 623 ubi
784 559 948 624 hominem
972 559 1123 644 obiurgat
1146 558 1262 646 pudor.

383 661 527 748 Suadere
549 663 701 748 primum,
723 661 800 724 dein
822 663 986 746 corrigere
1008 660 1155 725 benivoli
1180 671 1241 726 est.

383 764 520 851 Sapiens
543 773 656 828 contra
678 784 788 828 omnes
810 785 900 826 arma
922 763 997 845 fert,
1021 754 1094 826 cum
1117 765 1250 848 cogitat.

384 865 631 931 Sanctissimum
654 874 704 929 est
725 865 924 950 meminisse,
947 866 1000 949 cui
1022 874 1055 930 te
1078 863 1211 930 debeas.

383 966 482 1032 Stulti
504 969 620 1032 timent
642 969 816 1048 fortunam,
841 968 1006 1054 sapientes
1029 966 1150 1030 ferunt.
1218 1022 1224 1028 ,

298 1076 360 1134 590
383 1069 515 1152 Sensus,
538 1092 604 1134 non
626 1078 714 1135 aetas
740 1069 868 1133 invenit
890 1069 1097 1154 sapientiam.
1183 1144 1185 1149 ι

383 1171 518 1259 Semper
540 1171 669 1236 beatam
692 1193 727 1236 se
749 1180 843 1258 putat
865 1170 1063 1255 benignitas.
1245 1164 1249 1172 ’

326 1334 329 1337 ,
384 1273 488 1361 Saepe
510 1272 709 1358 ignoscendo
731 1272 789 1336 des
812 1273 950 1343 iniuriae
973 1271 1089 1337 locum.

384 1374 475 1440 Solet
497 1397 568 1440 esse
590 1376 625 1438 in
647 1375 757 1440 dubiis
779 1397 838 1461 pro
863 1373 998 1438 consilio
1021 1374 1218 1443 temeritas„

380 1477 518 1564 Semper
539 1477 711 1542 consilium
733 1488 811 1541 tunc
834 1475 936 1559 deest,
961 1498 1035 1539 cum
1057 1498 1138 1563 opus
1152 1485 1213 1542 :est
1236 1477 1391 1558 maxime.

299 1585 360 1643 595
384 1578 521 1665 Sapiens
544 1578 630 1665 quod
653 1580 776 1665 petitur
797 1577 855 1641 ubi
876 1587 974 1659 tacet,
997 1577 1143 1642 breviter
1164 1587 1275 1662 negat.

383 1680 517 1768 Semper
539 1680 611 1767 plus
633 1681 749 1744 metuit
770 1681 897 1744 animus
921 1680 1070 1764 ignotum
1092 1679 1225 1749 malum.

383 1781 534 1848 Secunda
556 1784 591 1847 in
612 1791 804 1869 paupertate
817 1780 957 1849 *fortuna
980 1790 1030 1871 est
1051 1780 1144 1846 fides.

384 1884 420 1950 Si
442 1884 489 1948 nil
511 1883 593 1949 velis
616 1885 742 1965 timere,
771 1894 896 1948 metuas
919 1885 1038 1948 omnia.

383 1985 599 2052 Summissum
621 1987 792 2072 imperium
814 2007 879 2049 non
900 1995 989 2049 tenet
1012 1986 1099 2049 vires
1121 2007 1209 2050 suas.

299 2095 361 2153 600
383 2086 554 2153 Secundus
578 2097 628 2151 est
650 2109 670 2150 a
691 2097 794 2152 matre
815 2088 953 2151 nutricis
976 2086 1079 2152 dolor.

384 2188 458 2255 Sibi,
476 2191 540 2276 ipsi
563 2188 770 2276 supplicium,
794 2189 930 2253 admissi
952 2210 1049 2275 quem
1070 2189 1226 2275 paenitet.

383 2290 485 2356 Suum
509 2292 656 2377 sequitur
677 2290 786 2356 lumen
812 2313 941 2378 semper
962 2292 1157 2356 innocentia.

384 2393 526 2458 Stultum
549 2402 598 2456 est
618 2393 720 2458 alium
743 2392 827 2456 velle
849 2392 965 2457 ulcisci
988 2388 1092 2480 poena
1116 2415 1184 2459 sua.

364 2493 455 2559 (Sibi
477 2496 580 2582 primo
603 2494 764 2559 auxilium
787 2496 911 2582 eripere
934 2505 983 2559 est
1005 2495 1094 2580 leges
1117 2493 1242 2560 tollere.

301 2790 434 2834 comeus
457 2793 481 2831 v.
500 2773 682 2839 584-625;
705 2767 796 2860 818)
898 2791 900 2796 ’

297 2911 385 2983 possit
400 2909 504 2983 putnt’:
527 2905 683 2968 *correxi
788 2909 850 2968 585
873 2923 935 2983 spes
951 2928 974 2966 s.
991 2916 1048 2980 est,
1079 2907 1122 2964 ubi
1143 2910 1170 2964 h.
1188 2926 1212 2966 c.
1230 2911 1314 2966 timor
1332 2910 1357 2964 Τ

299 2994 360 3051 586
384 2995 410 3049 d.
434 3011 456 3049 c.
479 2994 505 3050 b.
527 3003 568 3051 est
584 2996 692 3052 Bothe.-
711 2994 738 3050 h.
756 3002 800 3051 est
820 2995 847 3050 d.
863 3011 887 3050 c.
904 2995 940 3066 8,
962 3013 984 3050 s.
1001 2994 1027 3050 b.
1051 3000 1094 3050 est
1115 3011 1142 3068 p.
1164 2994 1189 3051 d.
1212 3011 1236 3050 5.
1255 2995 1366 3051 Gruter

299 3078 369 3136 590
383 3095 492 3134 sensum
513 3096 568 3134 non
589 3087 660 3135 aetas
681 3073 783 3136 inv'enit
803 3081 934 3153 sapientia
953 3081 989 3143 T;
1011 3098 1051 3136 an
1073 3079 1195 3135 invehit?
1283 3079 1345 3136 592
1370 3096 1451 3154 saepe

298 3162 466 3241 ignoscendo
484 3206 490 3219 .
509 3206 515 3218 .
533 3165 645 3219 iniuriae
666 3164 755 3221 locum
778 3166 902 3222 Gruter.-
931 3166 1037 3237 sapiens
1058 3180 1165 3236 semper
1186 3164 1344 3237 quiescendi
1361 3207 1369 3220 .
1387 3208 1395 3221 .
1411 3164 1450 3220 lo-

272 3234 276 3246 '
299 3264 358 3303 cum
374 3248 486 3304 iniuriae
502 3249 542 3312 8,·
565 3250 605 3321 5Γ.
623 3267 648 3307 v.
667 3248 736 3306 238.
752 3248 814 3307 465
911 3244 1006 3305 *des‘
1024 3249 1069 3304 det
1084 3249 1120 3319 F,
1136 3247 1182 3302 das
1200 3249 1326 3314 Gruter;
1341 3250 1384 3321 5Γ.
1399 3267 1447 3322 pp

300 3333 338 3389 61
426 3332 516 3391 593
509 3349 535 3388 m
556 3333 674 3389 adversis
698 3335 724 3389 Τ
827 3333 888 3390 594
911 3351 980 3408 opus
1001 3342 1043 3390 est
1063 3334 1226 3390 05515155
1249 3341 1293 3389 est
1315 3350 1386 3407 opus
1409 3335 1448 3397 8·

298 3433 359 3473 cum
381 3434 449 3491 opus
470 3434 593 3474 maxume
614 3425 656 3474 est
678 3423 875 3491 scripserunt,
899 3423 949 3493 qui
969 3419 1045 3474 deest
1060 3421 1235 3513 disyllabum
1250 3426 1441 3512 acceperunt·

299 3502 385 3573 5Γ.5.
410 3502 478 3559 151.
501 3503 572 3560 229.
590 3503 650 3561 628
737 3503 798 3562 595
820 3503 959 3560 Menand.
983 3503 1106 3562 Mencst.
1129 3491 1235 3560 223
1218 3521 1236 3574 η
1263 3491 1322 3578 γὰρ
1350 3492 1448 3577 σιωπὴ

168 3614 177 3621 ‚
298 3589 443 3659 μαρτυρεῖ
462 3574 494 3642 τὸ
515 3607 556 3661 μη
548 3575 678 3644 θέλειν
786 3588 847 3646 596
870 3583 1051 3686 ignotum]i.
1069 3604 1093 3644 e.
1115 3607 1221 3660 perum
1243 3596 1341 3645 rectum

299 3671 360 3729 598
385 3673 497 3729 Seneca
513 3681 572 3729 nat.
588 3682 698 3747 quaest.
716 3675 745 3746 6,
762 3673 791 3744 2,
808 3674 859 3730 3‘
861 3674 884 3729 si
900 3672 981 3729 vultis
1003 3673 1070 3729 nihil
1093 3675 1187 3729 timere
1194 3675 1344 3748 ‚cogitate
1359 3674 1450 3729 omniu

298 3773 358 3812 esse
373 3756 514 3812 timenda?
561 3757 605 3830 Cf.
623 3778 649 3818 e.
669 3759 738 3816 116.
755 3717 815 3816 691
903 3759 940 3814 nil
956 3759 1089 3831 Inpulsu.-
1083 3758 1169 3813 nihil
1186 3759 1215 3812 8
1305 3759 1365 3816 601
1392 3761 1449 3815 Re-

298 3844 432 3913 spexisse
447 3843 559 3897 videtur
574 3842 640 3899 Seu.
658 3845 693 3900 de
707 3843 805 3915 5553
822 3844 873 3914 26,
890 3841 940 3898 2
944 3845 1055 3898 maxima
1071 3850 1113 3898 551
1129 3842 1235 3899 155555·
1227 3844 1342 3899 iniuriae
1360 3860 1449 3917 poena

299 3926 411 3995 secisse,
433 3942 483 3980 nec
498 3927 646 3999 quisquam
670 3930 777 4001 gravius
798 3919 938 3999 adficitur,
961 3944 1039 4021 quam
1062 3930 1108 4001 qui
1129 3927 1161 3983 ad
1177 3928 1340 4002 supplicium
1357 3930 1450 4025 paeni-

300 4010 375 4066 tenu
377 4025 399 4064 re
420 4009 559 4065 truditur)
603 4010 742 4069 Menand
763 4012 886 4070 Menoec.
911 3972 966 4069 667
993 3998 1012 4083 ἡ
1037 4005 1068 4068 δὲ
1094 4005 1235 4085 μετάνοια
1260 4001 1415 4087 γίγνετ’
1397 4032 1450 4067 αν-

299 4087 436 4166 θρώποις
460 4091 553 4170 κρίσις
650 4095 748 4167 Γον5.·
740 4113 800 4171 ipse
897 4093 1093 4171 *supplicium
1115 4097 1185 4153 edm.
1207 4115 1302 4171 quem:
1325 4097 1372 4153 dat
1388 4116 1449 4173 sup

291 4170 465 4253 'quemudm
484 4180 512 4236 8
579 4176 712 4256 paenitet]
730 4181 814 4254 pudet
830 4186 968 4245 edztores
991 4182 1031 4254 5Γ.
1049 4201 1073 4238 v.
1093 4182 1163 4239 196.
1181 4182 1242 4239 366
1325 4182 1419 4240 602·
1411 4201 1452 4239 m·

299 4267 450 4321 nocentium
462 4266 585 4323 Bothius
650 4265 710 4323 603
736 4264 780 4338 οΓ.
797 4285 822 4323 u.
836 4268 940 4324 61155
955 4265 1092 4324 Menand.
1104 4266 1228 4324 Menos!
1244 4266 1304 4323 152
1322 4256 1453 4341 ἒχθρους

299 4335 417 4421 ἀμύνου
433 4337 473 4422 μὴ
486 4335 530 4404 ’πὶ
546 4347 583 4428 τῇ
599 4363 709 4404 σαυτου
698 4343 824 4428 β1άβῃ
927 4351 995 4408 velle
1011 4352 1104 4409 ulcisci
1120 4352 1323 4426 1595155515
1341 4355 1413 4410 velle
1428 4356 1456 4411 8

302 4433 363 4508 604
385 4436 472 4508 primo
489 4437 598 4491 Bothe:
619 4436 735 4509 primum
751 4437 779 4491 F
861 4438 966 4511 eripere
982 4444 1025 4493 est
1039 4438 1169 4511 Inpolst
1164 4444 1227 4492 est
1243 4454 1282 4493 er.
1300 4439 1330 4493 8
