3014 5116
498 390 773 443 rnonnsounru.
1195 385 1214 461 7Ἰ

18 566 39 600 x
62 561 243 634 oneratum,
267 549 422 615 iocularia
443 558 594 634 agentem
616 570 689 612 cum
712 548 839 614 medico
861 550 1032 615 advocato.
1078 550 1153 630 Qua
1175 552 1210 614 in

5 699 6 733 3
63 677 98 718 re
126 652 227 718 nolim
256 633 406 739 equidem
433 673 553 735 negare
583 651 764 736 antiquitus
788 652 885 715 unius
909 652 1000 714 mimi
1022 652 1125 716 fuisse
1146 655 1212 738 pri-

63 758 182 820 marias
206 764 326 842 partes,
348 752 489 839 reliquos
512 752 738 816 archimimum
760 752 928 818 adiuvisse
950 753 1085 818 vocibus
1101 753 1211 818 admo·
1234 735 1240 745 .

63 861 235 923 dum'raro
258 856 455 938 interiectis,
482 854 540 918 sed
562 854 624 918 hoc
646 855 681 917 in
703 864 816 940 aperto
839 865 899 936 est,
923 855 1067 920 inductis
1090 878 1211 922 sermo-

63 959 160 1024 nibus
183 957 318 1023 alternis
342 966 374 1020 et
395 965 491 1020 aucto
514 957 687 1020 mimorum
708 977 841 1020 numero
858 955 955 1020 facile
969 956 1040 1021 fieri
1056 960 1212 1044 potuisse,

63 1071 98 1126 ut
124 1061 219 1124 mimi
246 1071 392 1145 tempore
420 1057 616 1144 procedente
645 1056 688 1119 ad
715 1055 962 1122 similitudinem
985 1058 1211 1124 Atellanarum
1278 1087 1280 1095 ’

63 1162 350 1255 amplificarentur,
373 1160 408 1224 id
425 1170 524 1224 estut
546 1160 581 1222 in
596 1158 702 1223 locum
719 1160 799 1240 eiuS,
824 1160 912 1246 quod
926 1163 1088 1248 principio
1105 1161 1212 1226 fuerat

62 1287 220 1353 personae
237 1264 339 1327 *reive
367 1264 509 1326 comicae
537 1261 807 1347 repraesentatio,
836 1263 923 1326 iusta
951 1261 1135 1327 fabularum
1162 1287 1212 1328 ar·

62 1376 218 1452 gumenta
233 1364 456 1446 succederent,
481 1362 533 1426 vel
551 1372 587 1427 ut
602 1384 719 1447 graeco
736 1362 895 1428 vocabulo
911 1374 985 1428 utar
1000 1387 1020 1428 a
1035 1365 1211 1430 Plutarcho

62 1490 191 1556 quoque
212 1470 247 1531 in
274 1465 468 1531 definiendis
499 1466 590 1528 mimi
618 1464 793 1549 generibus
816 1477 989 1553 usurpato,
1019 1463 1211 1543 ὑποθέσεις.

62 1571 169 1658 quue
205 1568 307 1633 multo
339 1578 415 1633 ante
450 1577 596 1653 tempora
626 1565 760 1630 Sullana
789 1567 911 1636 factum
939 1579 988 1634 est
1026 1569 1083 1652 (cf.
1114 1570 1211 1634 Mart.

63 1673 238 1737 Hertzium
259 1672 294 1733 in
316 1670 429 1735 Jahnii
452 1667 636 1750 annalibus,
660 1667 724 1732 vol.
749 1668 800 1750 93,
824 1691 878 1754 pg.
902 1669 990 1755 581),
1015 1680 1047 1735 et
1070 1673 1116 1735 ita
1139 1673 1209 1758 qui-

6 1848 8 1854 ,
62 1775 148 1856 dem,
172 1772 209 1838 ut
230 1775 265 1837 in
287 1766 443 1836 catulario
461 1772 559 1834 mimo
574 1769 719 1853 Laberii,
745 1769 801 1854 (cf.
818 1770 997 1835 Ribbeckii
1014 1771 1138 1838 Oomic.
1155 1772 1210 1837 lat.

63 1877 181 1962 fragm.
205 1898 259 1962 pg.
282 1875 346 1938 240
368 1883 400 1938 et
422 1871 608 1959 Scylacem,
636 1895 692 1958 pg.
714 1872 793 1957 249)
822 1874 856 1935 in
880 1873 1024 1937 eiusdem
1049 1875 1152 1939 ariete
1173 1898 1212 1938 ac

62 1990 156 2044 tauro
184 1977 280 2061 (ibid.
310 1998 363 2062 pg.
386 1975 459 2040 238.
488 1974 583 2059 250),
613 1975 648 2037 in
675 1975 782 2038 scrofa
810 1965 1006 2058 grundiente
1034 1976 1131 2061 (ibid.
1155 2000 1209 2063 pg.

53 2064 135 2162 249,
158 2102 190 2142 v.
214 2080 269 2164 82)
293 2076 388 2140 facile
410 2098 583 2161 agnoscas,
608 2076 726 2162 quibus
749 2076 854 2140 initiis
877 2079 995 2143 mimus
1018 2078 1061 2141 ad
1084 2088 1211 2143 tantum

62 2185 298 2261 incrementum
313 2180 509 2266 pervenerit.
550 2179 619 2243 Nec
635 2179 796 2243 immerito
811 2177 946 2243 Laberii
969 2181 1062 2244 ‘Late
1078 2179 1211 2267 loquen-

63 2289 124 2349 tes'
141 2284 161 2347 i.
180 2305 207 2345 e.
224 2279 466 2362 πλατυλόγους,
490 2290 522 2345 et
538 2279 687 2362 ‘Gallos',
704 2302 841 2366 quorum
857 2302 1038 2346 sermonem
1052 2284 1213 2347 rusticum

5 2381 7 2388 ’
62 2395 158 2474 poeta
179 2385 215 2447 in
237 2383 417 2446 ludibrium
440 2384 579 2447 vertisse
601 2381 764 2468 putandus
789 2384 987 2467 est*),·cum
1010 2383 1112 2448 Ulixe
1134 2406 1210 2449 con·

62 2481 161 2569 ferds,
185 2484 361 2568 ‘Fullones
385 2485 597 2567 Piscatorem,
609 2484 821 2562 Restionem,
838 2484 1064 2550 Staminarias'
1089 2495 1121 2550 et
1135 2487 1210 2550 reli-

62 2612 127 2676 qua
149 2589 351 2676 opificiorum
373 2608 493 2671 genera
515 2588 550 2649 in
570 2587 677 2650 mimis
707 2584 872 2673 descripta
897 2574 969 2650 cum
992 2586 1134 2652 mulione
1157 2587 1211 2658 uel

63 2691 240 2773 causidico,
263 2688 444 2775 dequibus
467 2686 563 2752 modo
585 2687 687 2751 verba
702 2688 850 2752 fecimus.
888 2688 953 2753 Sed
970 2690 1130 2776 quomodo
1151 2693 1210 2754 mi-

61 2817 133 2857 mus
161 2792 281 2879 aliquis
310 2793 486 2877 inscriptus
516 2812 588 2856 esse
610 2790 753 2877 potuerit
775 2788 924 2854 ‘Marius'
955 2791 1016 2874 (ita
1038 2814 1081 2855 ex
1104 2793 1209 2856 conie-

59 2887 155 2961 ctura
176 2889 330 2958 scribitur
353 2894 444 2960 Com.
461 2892 516 2957 lat.
537 2915 591 2979 pg.
606 2891 694 2975 245),
719 2892 934 2979 egoquidem
956 2881 1022 2957 non
1043 2915 1209 2980 assequor.

147 2995 273 3061 Horum
300 2996 454 3059 memoria
483 2995 734 3082 primordiorum
757 3017 798 3058 ne
820 2994 1055 3080 posterioribus
1079 2997 1210 3082 quidem

61 3099 264 3186 temporibus
298 3098 472 3162 obscurata
501 3106 559 3161 est.
605 3095 704 3178 Quod
733 3097 817 3160 enim
853 3095 931 3160 olim
959 3120 1017 3162 suo
1046 3099 1116 3163 iure
1144 3099 1210 3162 dici

61 3201 188 3266 solebat
212 3202 358 3265 ‘mimum
380 3208 505 3284 agere’,
529 3221 604 3263 cum
625 3222 708 3262 unus
731 3208 857 3283 ageret,
888 3199 950 3264 hoe
971 3201 1122 3287 usurpari
1144 3224 1211 3265 non
1271 3261 1276 3266 .

62 3304 203 3367 desitum
226 3311 291 3385 est,
321 3324 394 3365 cum
417 3300 460 3364 ad
482 3303 616 3365 mimum
639 3301 803 3386 agendum
825 3324 892 3364 non
913 3303 1120 3388 paucioribus
1143 3303 1209 3367 his·

60 3404 224 3470 trionibus
247 3425 328 3490 opus
352 3413 447 3485 esset,
472 3425 567 3490 quam
583 3403 618 3466 in
632 3402 767 3489 reliquis
783 3402 968 3468 fabularum
986 3407 1210 3468 scaenicarum

60 3504 247 3593 generibus.
292 3505 362 3568 Iam
378 3505 480 3589 igitur
502 3504 672 3569 dicebatur
686 3506 821 3568 mimum
839 3527 947 3590 agere,
970 3527 1036 3569 non
1051 3507 1108 3592 qui
1122 3505 1209 3570 solus

21 3604 24 3608 ’
60 3611 181 3675 actoris
205 3617 313 3694 partes
337 3607 539 3689 sustinebat,
571 3607 626 3670 sed
651 3629 734 3670 unus
758 3608 912 3694 quisque,
940 3609 1031 3671 cuius
1054 3608 1089 3670 in
1111 3609 1209 3672 mimo

60 3710 189 3796 agendo
222 3707 349 3794 aliquae
383 3719 476 3794 erapt
503 3718 627 3796 partes,
662 3711 734 3774 sive
764 3711 903 3796 primae,
936 3711 1008 3773 sive
1036 3710 1208 3797 secundae.

61 3812 298 3894 Quaelocutio
322 3833 395 3875 cum
418 3809 515 3874 facile
538 3833 679 3895 errorem
701 3834 870 3897 procreare
890 3812 1045 3899 potuerit,
1068 3834 1133 3876 non
1148 3813 1207 3875 mi·
1228 3829 1235 3839 ²
1334 3832 1338 3839 ’

60 3938 133 3979 rum
156 3907 340 3997 videbitur,
363 3913 440 3977 inde
461 3912 578 3978 falsam
600 3913 689 3978 illam
712 3915 898 4000 opinionem
920 3923 1025 3980 ortam
1048 3924 1205 4002 utusque

129 4104 154 4172 *)
173 4105 272 4156 Utrum
291 4105 405 4156 ‘Tusca'
425 4091 660 4170 quoqueLaberii
677 4105 729 4155 huc
748 4105 844 4169 faciat,
864 4121 900 4155 an
918 4106 1009 4171 potius
1024 4105 1209 4170 intelligenda

61 4193 99 4244 sit
118 4192 248 4242 meretrix
264 4191 323 4242 vici
340 4191 434 4253 Tusci,
453 4189 565 4241 videant
584 4189 642 4239 alii.
679 4189 722 4240 cf.
741 4190 832 4241 Plaut.
853 4189 934 4240 Cure.
947 4192 1006 4244 482.
1025 4191 1093 4240 Hor.
1113 4189 1171 4240 Sat.
1184 4193 1208 4271 2,

61 4282 90 4341 3,
111 4278 170 4327 228.
190 4303 221 4312 -
240 4277 414 4352 Ριτίεᾳίηηηιη
432 4277 465 4324 Χ.
485 4277 514 4338 8,
540 4290 564 4340 p.
584 4277 634 4325 900
656 4275 686 4328 P.
706 4275 851 4340 scripsisse
871 4276 992 4325 conicio:
1016 4271 1160 4326 Publilius
1177 4273 1209 4326 t'a

60 4359 242 4412 Murmdloac
261 4360 354 4423 (vulgo
372 4357 599 4422 Murmwntbooe,
617 4355 814 4410 Murmurcoac
832 4359 877 4410 vel
895 4356 1084 4423 Murtaidone)
1105 4364 1113 4390 ‘
1119 4355 1209 4411 Cellas

63 4459 203 4499 servorum
221 4442 365 4498 converri&
