3044 5124
648 1531 867 1619 Sententiae
898 1532 1140 1620 Turieenses.

402 1735 485 1799 Cum
508 1755 580 1798 sese
602 1734 706 1797 vincit
728 1733 870 1819 sapiens,
894 1733 1028 1796 minime
1052 1733 1206 1798 vincitur.

318 1843 377 1902 655
402 1836 524 1901 Contra
546 1835 673 1900 hostem
695 1846 752 1898 aut
774 1834 890 1900 fortem
914 1845 1042 1920 oportet
1065 1857 1136 1899 esse
1158 1845 1215 1899 aut
1237 1833 1431 1920 supplicem.

402 1937 476 2003 Cito
499 1936 627 2024 culpem
650 1937 797 2021 effugias,
822 1937 851 2000 si
872 1937 1049 2000 incurrisse
1070 1938 1226 2024 paenitet.

327 2108 329 2112 ,
401 2038 582 2103 Consilium
604 2041 639 2102 in
661 2039 809 2104 adversis
832 2038 1004 2125 prudentis
1027 2038 1206 2102 remedium
1230 2047 1289 2103 est.

401 2141 483 2208 Cum
506 2141 638 2204 inimico
661 2141 816 2225 ignoscis,
839 2143 960 2205 amicos
984 2149 1094 2226 gratos
1118 2163 1298 2228 comparas.
1384 2141 1386 2145 ’

402 2243 639 2329 (Contubernie
667 2241 735 2324 illic
765 2252 840 2306 sunt
867 2242 1089 2326 lacrimarum,
1124 2243 1254 2331 quando
1281 2243 1468 2308 misericors

928 2346 1089 2432 conspicit
1111 2345 1291 2432 miserum.)

318 2457 380 2516 660
403 2448 545 2534 (Durum
568 2456 618 2512 est
641 2448 802 2533 denegare
825 2449 995 2535 superiori,
1020 2469 1093 2512 cum
1115 2447 1236 2514 debeas
1254 2446 1467 2533 supplicare.)

402 2712 463 2769 654
486 2707 591 2767 *seset
615 2719 700 2766 semet
719 2711 749 2766 T.
790 2711 900 2771 Eadem
913 2712 1011 2785 forma
1029 2715 1059 2769 in
1075 2713 1136 2768 cod.
1156 2711 1310 2767 Turicensi
1328 2711 1413 2783 infra
1428 2713 1455 2767 le

315 2802 404 2872 pitur,
420 2804 506 2853 semet
522 2816 547 2853 r.
561 2795 621 2853 672
637 2799 687 2853 ubi
695 2794 760 2851 ‘sese
775 2800 832 2852 iarn
844 2796 992 2869 Hauptius
1007 2801 1149 2870 correxit,
1167 2804 1193 2852 et
1208 2795 1316 2851 sibimet
1331 2800 1360 2852 in
1377 2799 1466 2852 adno-

316 2888 425 2940 tatione
441 2885 480 2939 ad
493 2900 517 2938 c.
535 2880 608 2953 421,
625 2882 674 2938 ubi
686 2881 882 2956 Frisinpensis
897 2881 946 2937 sibi
963 2884 1079 2939 exhibet
1095 2902 1112 2938 a
1128 2889 1218 2938 metro
1233 2898 1348 2954 quoque
1362 2882 1464 2954 defen·

316 2985 386 3027 sum.
423 2967 566 3023 Publilius
587 2973 638 3023 aut
661 2971 689 3022 in
712 2969 828 3040 culpari
846 2971 1025 3038 pronominis
1037 2968 1136 3041 forma
1153 2970 1312 3040 acquievit,
1335 2969 1425 3023 ueluti
1438 2970 1464 3022 in

315 3055 380 3110 loco
401 3053 540 3108 simillimo
562 3070 587 3111 c.
606 3050 645 3108 64
666 3050 709 3106 Bis
730 3053 827 3123 vincit,
850 3053 896 3124 qui
916 3053 1049 3108 55515511
1069 3054 1096 3108 in
1112 3053 1239 3124 victorie,
1262 3059 1314 3108 aret
1335 3053 1468 3108 vocabuli

317 3141 371 3195 nim
392 3138 512 3224 intendit
533 3139 629 3193 addito
650 3137 708 3211 ipse
724 3135 775 3210 (cf.
793 3156 817 3194 r.
834 3136 906 3193 415.
923 3136 995 3195 464.
1013 3137 1084 3195 473.
1102 3136 1174 3195 545.
1193 3138 1263 3195 601.
1282 3136 1352 3193 615.
1373 3134 1465 3208 ele),

317 3229 368 3279 aut
391 3237 461 3278 usus
482 3229 524 3279 est
545 3224 698 3292 composito
720 3238 796 3293 sese,
818 3229 849 3278 ut
865 3241 889 3279 r.
907 3222 969 3292 584
1056 3222 1117 3280 655
1141 3222 1288 3296 supplicem
1305 3226 1416 3294 scripsi
1429 3239 1466 3278 ea

318 3311 487 3364 coniectura
503 3308 693 3363 Froehlichii:
715 3307 863 3381 simplicem
877 3308 912 3363 ιΤ.
960 3307 996 3364 Si
1011 3307 1116 3364 felicem
1139 3312 1243 3380 maris,
1265 3309 1343 3380 quod
1363 3327 1387 3363 u.
1406 3307 1464 3363 246

317 3395 495 3450 commendes
509 3399 555 3447 aut
570 3392 649 3448 tortis
665 3400 710 3448 aut
726 3391 799 3464 felix,
816 3394 982 3449 desereris
998 3395 1220 3464 desperandum.
1292 3391 1352 3449 656
1377 3385 1395 3422 ’¹‘
1411 3391 1465 3446 cul·

316 3496 376 3552 pem
392 3477 520 3553 effugies:
536 3477 614 3551 culpo
631 3477 738 3552 effugiri
754 3484 845 3550 potest
857 3478 927 3549 T,ut
943 3497 967 3535 r.
978 3477 1037 3534 154
1054 3477 1168 3553 effugire
1182 3482 1212 3534 in
1228 3479 1310 3533 codd.
1326 3475 1378 3534 PR
1395 3480 1465 3532 scri-

313 3570 395 3638 ptum
412 3571 470 3627 est;
491 3563 597 3636 culpem
619 3561 732 3637 eflugies
751 3561 854 3635 Orelli,
876 3579 899 3618 c.
917 3562 1023 3637 elingiri
1043 3565 1115 3637 potis
1135 3571 1177 3619 est
1193 3563 1379 3619 Ribbechius.
1423 3563 1466 3618 Ile

213 3660 215 3662 ’
289 3669 291 3671 ·
313 3648 416 3721 futuro
433 3667 451 3705 a
466 3649 585 3705 Publilii
599 3665 653 3704 asu
668 3651 762 3704 alieno
778 3650 854 3704 etde
867 3649 1039 3721 pyrrhichio
1055 3649 1109 3704 cito
1125 3650 1165 3720 cs.
1182 3648 1294 3720 Prolep.
1309 3646 1466 3720 puisse

392 3733 451 3791 657
475 3729 642 3807 *prudentis
653 3731 754 3788 remed.
767 3741 821 3789 est:
839 3733 985 3789 medicinae
996 3750 1019 3788 r.
1031 3751 1059 3807 p.
1068 3740 1109 3789 est
1128 3733 1160 3804 T⁷
1174 3735 1209 3789 de
1225 3750 1280 3805 quo
1294 3737 1465 3806 plessemate

199 3867 205 3880 .
317 3820 358 3892 cf.
375 3819 489 3891 Prolep.
504 3836 552 3891 pp.
569 3817 619 3875 48.
665 3819 759 3876 Verba
774 3819 802 3876 iu
818 3817 935 3874 adversis
951 3821 1031 3875 nolui
1044 3820 1211 3889 sollicitare,
1227 3821 1295 3890 quia
1312 3819 1465 3875 Publilium

317 3908 451 3976 sapiunt,·
473 3903 514 3977 cf.
532 3922 556 3960 r.
574 3902 644 3961 208.
661 3901 732 3960 491.
751 3903 822 3960 593.
841 3903 911 3961 608.
957 3902 1104 3959 Consilium
1121 3903 1217 3959 medici
1238 3903 1388 3958 remedium
1403 3920 1465 3977 pru-

316 3989 404 4045 dentis
427 3997 469 4058 est
489 3989 529 4046 M.
554 3989 703 4060 Hauptius
723 3988 827 4045 Philet.
849 3989 874 4045 I.
898 3988 989 4045 665.’
1014 3989 1059 4044 An
1082 3996 1124 4045 est
1145 3989 1344 4060 paraphrasis
1365 4004 1466 4046 uersus

317 4073 398 4132 2827
485 4072 545 4132 658
569 4074 668 4129 amicus
687 4074 724 4146 Τ,
745 4092 803 4130 non
819 4075 935 4145 5551505,
958 4082 989 4130 ut
1011 4076 1097 4130 edidit
1115 4073 1205 4130 Orelli
1290 4081 1385 4148 gretes
1400 4075 1463 4131 Jol.

316 4161 444 4234 Sippius:
467 4161 552 4234 gratis
574 4157 720 4232 conplures
740 4160 769 4214 Τ.
817 4158 900 4226 Quod
918 4163 1043 4215 restituit
1061 4159 1236 4216 Ribbeclcius
1257 4158 1368 4232 plures,
1389 4160 1468 4216 haud

315 4246 384 4302 mihi
399 4246 562 4319 probatur,
583 4246 641 4300 nisi
661 4245 706 4298 uni
722 4245 868 4301 addideris
883 4248 981 4316 priori
996 4249 1152 4301 enuntiato.
1197 4244 1243 4316 Cf.
1259 4262 1284 4314 r.
1304 4244 1375 4301 243.
1394 4245 1464 4302 310.

316 4331 388 4388 363.
406 4330 477 4387 535.
497 4329 567 4388 686.
586 4328 656 4386 693.
715 4346 853 4403 compares
869 4331 1034 4402 Hauptius:
1050 4329 1167 4403 adquiris
1184 4329 1208 4384 Τ
1264 4329 1325 4386 659
1343 4325 1465 4405 quando]

314 4417 436 4472 debetur
450 4418 662 4488 interpolatori,
679 4422 710 4471 ut
726 4434 750 4472 a.
770 4415 830 4472 115
918 4415 980 4474 660
1003 4415 1090 4489 Ofir.
1109 4414 1179 4473 661.
1210 4413 1339 4470 llcrumst
1355 4431 1464 4489 negare,
