3014 5116
498 394 772 443 raonssounm.
1166 380 1239 444 35.
1319 421 1321 425 -
1376 370 1377 373 ’
1470 395 1474 412 ·

55 571 143 630 esse,
168 546 227 613 sed
248 547 325 610 inde
340 569 360 610 a
376 547 541 632 Scaligero
557 548 591 610 in
607 546 799 611 Publilianis
816 568 960 634 quoque3
983 546 1070 610 unde
1085 548 1207 612 factum

54 660 124 732 est,
148 643 185 713 ul
206 647 371 713 miscendo
394 647 478 713 falsa
501 658 533 713 et
556 671 645 731 vera,
670 651 809 737 quaein
832 647 1000 713 codicibus
1024 659 1115 713 erant
1138 651 1205 714 suis

53 751 138 816 locis
161 752 314 833 discreta,
336 752 372 815 in
393 774 494 816 unum
516 752 623 816 omnia
644 751 831 816 conflarent.
876 750 960 814 Nam
981 751 1010 814 si
1032 752 1104 838 quis
1120 773 1208 816 seor·
1252 784 1255 806 ι

56 856 123 918 sim
153 852 226 919 illas
256 851 414 917 edidisset
444 861 573 918 servato
604 875 641 917 eo
670 852 800 935 ordine,
830 875 893 939 quo
923 853 957 915 in
979 851 1149 918 codicibus
1173 875 1208 917 se

57 956 240 1042 excipiunt,
263 956 323 1018 vix
345 953 460 1021 dubito
485 957 564 1041 quin
585 953 705 1041 aliquis
728 965 816 1019 certe
839 954 1000 1019 extiturus
1017 954 1127 1039 fuerit,
1152 956 1208 1040 qui
1232 939 1242 947 „

56 1059 208 1120 nativum
232 1058 434 1121 senariorum
456 1055 596 1122 colorem
618 1079 638 1120 a
661 1057 833 1147 sententiis
856 1078 914 1144 per
938 1057 1006 1148 vim
1028 1056 1071 1120 ad
1093 1057 1207 1120 carmi-

56 1183 138 1224 num
160 1159 297 1223 formam
321 1157 457 1223 detortis
481 1159 691 1223 discerneret.
898 1148 900 1151 ⁵

51 1308 54 1310 ψ
111 1255 113 1259 ’
145 1261 190 1324 At
212 1260 294 1323 mihi
315 1259 412 1345 longe
434 1259 498 1324 alia
520 1283 611 1325 mens
635 1270 695 1324 est.
740 1261 809 1325 Iam
832 1259 920 1346 quod
942 1261 977 1324 in
999 1262 1129 1347 optimis
1154 1283 1207 1325 co-

58 1363 189 1427 dicibus
214 1371 362 1426 servatae
386 1371 461 1446 sunt
482 1361 557 1426 illae
573 1364 764 1444 sententiae,
787 1362 864 1427 hinc
880 1374 1023 1429 certene
1038 1360 1208 1429 minimum

58 1464 193 1551 quidem
215 1465 420 1529 auctoritatis
443 1465 485 1527 iis
500 1465 691 1529 adcrescere
706 1463 802 1529 facile
816 1465 1029 1551 intellegitur,
1053 1467 1081 1530 si
1102 1475 1208 1531 tecum

56 1567 280 1653 reputaveris,
305 1565 436 1629 demum
458 1589 478 1629 a
500 1566 610 1631 littera
625 1566 669 1646 N,
693 1589 755 1653 quo
777 1567 849 1654 ipso
872 1566 943 1632 loco
965 1589 1080 1631 versus
1096 1568 1208 1632 Publi-

57 1668 140 1732 liani
163 1670 198 1732 in
219 1668 369 1733 omnibus
393 1667 487 1732 libris
504 1679 640 1756 excepto
656 1669 725 1732 fere
739 1691 803 1733 uno
820 1669 1025 1754 Frisingensi
1042 1669 1208 1754 deficiunt,
1236 1698 1239 1711 ·

58 1771 239 1835 sententias
262 1769 327 1855 legi
350 1770 521 1856 rythmicis
544 1771 687 1835 numeris
711 1779 869 1835 carentes.
915 1770 996 1852 Quis
1019 1793 1084 1836 non
1105 1771 1208 1853 videt,

57 1883 234 1960 postquam
256 1873 417 1957 posterior
439 1894 513 1958 pars
537 1873 771 1939 sententiarum
792 1872 1022 1953 interciderat,
1052 1874 1208 1939 substitu-

57 1986 112 2039 tas
142 1997 194 2037 eas
226 1995 297 2037 esse
326 1973 369 2037 ad
396 1973 545 2037 lacunam
573 1972 784 2061 explendam,
815 1996 889 2038 cum
917 1976 1209 2061 pracsertim-vere

57 2075 266 2140 Publilianae
283 2084 320 2122 ὲ-
338 2085 371 2139 et
393 2098 490 2162 quam
511 2075 586 2140 illac
603 2077 752 2140 diversae
768 2116 806 2122 —
824 2058 937 2160 postea
953 2077 1018 2140 sint
1035 2077 1208 2164 repertae?

57 2179 162 2242 Porro
185 2180 213 2242 si
236 2178 307 2264 quis
331 2177 540 2265 perpenderit
551 2180 647 2242 ‘inter
669 2177 741 2242 illas
766 2180 947 2243 sententias
967 2201 1009 2242 ne
1023 2176 1121 2243 unam
1138 2181 1207 2266 qui·

58 2280 133 2343 dem
157 2301 236 2359 esse,
260 2302 342 2366 quae
357 2303 376 2342 a
394 2281 558 2345 veteribus
574 2279 717 2345 Publilio
732 2281 907 2363 tribuatur,
932 2302 997 2345 eas
1022 2281 1071 2344 ad
1092 2304 1208 2345 unam

58 2403 196 2447 omnes
227 2381 468 2447 abiciendas
500 2403 588 2447 esse
616 2368 792 2447 Publilii
822 2383 976 2447 editori·
1002 2383 1062 2446 vix
1089 2384 1209 2470 poterit

56 2505 191 2568 negare.

147 2586 192 2650 At
208 2585 330 2650 dixerit
353 2586 491 2651 forsitan
506 2586 679 2672 quispiam,
703 2594 739 2649 ut
761 2585 857 2670 longe
873 2585 1012 2672 plurima
1028 2606 1209 2650 sermonem

57 2688 248 2776 pedestrem
264 2689 403 2774 sapiant,
427 2689 473 2752 ita
492 2697 601 2751 tamen
615 2709 688 2751 rara
704 2687 863 2773 quaedam
877 2688 1014 2778 reperiri
1030 2686 1208 2752 conceden-

57 2792 141 2854 dum
164 2813 251 2872 esse,
283 2813 366 2877 quae
388 2792 472 2855 ictus
495 2789 652 2855 iambicos
674 2799 786 2876 aperte
808 2788 965 2877 prodant,
995 2789 1089 2854 verbi
1111 2812 1210 2854 causa

57 2895 257 2958 sententiam
279 2893 423 2957 omnium
446 2892 514 2955 fere
531 2913 691 2958 consensu
707 2893 793 2956 inter
808 2889 1010 2956 Publilianas
1028 2902 1207 2978 receptam:
1221 2921 1228 2925 ·

260 3036 394 3094 Timidus
415 3040 497 3093 cocat
517 3052 547 3093 sc
569 3040 696 3103 cautum,
713 3053 845 3116 parcum·
861 3035 1005 3094 sordidus.
1059 3021 1063 3026 ⁸

56 3166 177 3252 Neque
205 3164 240 3229 id
268 3165 365 3252 plane
393 3165 566 3228 immerito.
612 3163 744 3231 Scilicet
766 3163 838 3228 fons
861 3164 924 3228 fuit
946 3162 1012 3245 illi,
1027 3223 1029 3229 s
1042 3164 1129 3229 unde
1151 3186 1210 3228 sua

56 3269 208 3332 hauriret
234 3267 277 3330 ad
306 3267 583 3353 compensandum
610 3265 764 3330 damnum
794 3266 837 3350 (si
860 3266 1049 3330 discesseris
1072 3289 1092 3329 a
1114 3264 1208 3353 pro'v.

39 3369 135 3454 Ι148.
162 3369 232 3432 149.
276 3369 388 3434 Zelum
415 3370 451 3432 dc
479 3370 532 3433 dco
561 3374 684 3433 tantam
711 3370 827 3444 babeas
849 3363 910 3433 cta
925 3367 1013 3432 liaud
1044 3367 1143 3432 dubie
1165 3368 1209 3432 ab

57 3472 193 3536 homine
222 3469 409 3535 Christiano
444 3469 585 3553 additis,
620 3493 661 3533 ne
689 3469 804 3533 ultima
834 3468 943 3534 littera
966 3468 1037 3532 loco
1068 3471 1207 3555 careret)

56 3570 330 3636 Pseudosenecae
356 3571 440 3637 liber
468 3573 509 3635 de
536 3572 697 3651 moribus,
727 3573 803 3635 sive
836 3570 1031 3652 Proverbia,
1058 3579 1094 3634 ut
1121 3562 1237 3633 idem

56 3675 147 3738 liber
179 3676 308 3761 saepius
340 3674 547 3756 inscribitur,
584 3695 680 3760 quem
708 3675 743 3736 in
774 3672 942 3738 codicibus
970 3672 1208 3758 antiquissimis

56 3774 253 3862 ampliorem
277 3798 468 3862 essequam
489 3768 632 3839 nuncin
655 3774 853 3840 editionibus
877 3773 1120 3856 circumfertur,
1144 3796 1208 3838 uno

56 3877 165 3942 verbo
197 3879 400 3963 significasse
434 3880 513 3944 satis
546 3877 662 3941 habeo.
707 3877 824 3942 Insunt
852 3886 977 3963 septem
1006 3876 1209 3963 Sapientium
1301 3925 1306 3929 .

56 3981 166 4060 dicta,
196 3981 331 4045 Catonis
358 3988 546 4068 praecepta,
577 3979 745 4044 Ciceronis
772 3979 930 4066 quaedam
954 3979 988 4062 (ξ
1014 3978 1052 4041 18
1074 4006 1116 4033 =
1138 3977 1208 4041 die.

54 4072 102 4146 de
126 4092 247 4147 seneot.
273 4083 323 4166 18,
346 4084 403 4166 663
433 4082 516 4164 §20
537 4111 580 4138 =
602 4081 642 4145 de
664 4082 758 4145 amic.
782 4083 818 4165 6,
841 4081 915 4167 22),
940 4081 1082 4146 Senecae
1104 4079 1207 4164 philo-

54 4184 174 4268 sophi,
204 4182 304 4247 Plinii
330 4185 484 4267 iunioris,
514 4184 694 4264 Lactantii,
728 4205 789 4248 nec
816 4205 881 4247 non
910 4204 952 4245 ex
974 4183 1077 4266 poetis
1106 4201 1209 4265 pauca

53 4284 226 4375 quaedam
247 4286 412 4373 decerpta,
435 4285 526 4351 velut
547 4286 675 4370 integer
697 4294 885 4350 tetrameter
905 4283 1089 4348 trochaicus
1112 4286 1132 4363 ξ
1158 4282 1196 4345 10

134 4452 139 4456 >
218 4428 328 4486 Mrdtos
349 4430 439 4486 odora
461 4429 624 4499 diffitentes
645 4445 723 4485 mors
744 4429 856 4486 incerto
872 4427 1033 4498 prtreocait.

966 4527 981 4574 3
987 4522 1007 4555 d.
