3044 5124
213 357 216 361 ’
372 382 478 429 uirus
495 380 733 452 ν5555515515
756 381 949 429 accurris.
1175 367 1234 431 127

167 533 398 599 Misericordia
418 556 485 598 non
507 555 651 618 causam,
675 534 733 600 sed
755 534 920 600 fortunam
943 544 1078 622 spectat.

59 664 62 667 ·
167 635 328 702 Miserum
349 643 383 700 te
404 634 525 720 iudico,
549 635 636 724 quod
658 659 836 725 numquam
857 638 959 702 fueris
982 638 1090 701 miser.

169 737 303 803 Modica
325 737 477 825 voluptas
500 737 591 805 laxat
612 741 738 805 animos
762 748 794 804 et
817 748 988 826 temperat.

169 839 319 905 Monstro
341 840 458 906 similis
482 851 531 906 est
557 842 698 905 avaritia
720 841 828 906 unica.

79 949 147 1008 210
168 943 322 1009 Morbum
345 965 417 1009 esse
434 945 517 1011 scias
533 967 598 1009 non
613 942 824 1027 hilaritatem,
847 964 977 1030 semper
991 944 1138 1008 arridere
1152 945 1232 1008 arri-

493 1046 647 1111 dentibus
677 1054 708 1111 et
735 1045 778 1109 ad
805 1047 950 1110 omnium
976 1046 1234 1111 aestimationem

491 1149 600 1235 ipsum
622 1169 750 1235 quoque
772 1169 808 1213 os
832 1147 998 1212 diducere.

168 1248 319 1316 Mortalis
341 1271 436 1314 nemo
459 1260 519 1334 est,
543 1272 641 1336 quem
662 1272 728 1313 non
750 1251 891 1335 attingat
914 1247 1016 1314 dolor.

168 1351 310 1417 Mortem
332 1351 449 1416 timere
472 1350 637 1416 crudelius
662 1360 712 1415 est
734 1375 831 1438 quam
852 1352 947 1416 mori.
1049 1382 1052 1387 ’
1099 1425 1102 1432 ,
1144 1360 1146 1364 ’

169 1452 331 1518 Muliebre
355 1464 403 1518 est
426 1455 535 1519 furere
558 1457 592 1518 in
614 1455 675 1518 ira.
719 1498 723 1505 ·
908 1533 910 1538 ,

41 1635 49 1639 q
169 1554 267 1620 Multi
290 1555 367 1619 dum
390 1554 462 1621 falli
484 1564 611 1643 putant,
635 1554 751 1620 fallere
774 1556 903 1620 docent.

82 1662 145 1722 215
168 1657 296 1722 Natura
318 1659 423 1722 vincit
445 1668 595 1723 naturam
618 1667 651 1722 et
675 1657 722 1721 dii
745 1657 834 1723 deos.

169 1759 240 1823 Nae
262 1760 441 1825 virtutibus
464 1760 574 1826 multis
598 1759 755 1842 abundat,
779 1760 836 1845 qui
857 1757 980 1823 alienas
1002 1767 1116 1822 amat.¹
1183 1778 1186 1783 ⁴

168 1861 312 1926 Necesse
335 1871 385 1927 est
406 1861 526 1927 multos
549 1864 674 1946 timeat,
699 1883 795 1948 quem
816 1859 911 1924 multi
934 1861 1060 1925 timent.

169 1963 383 2029 Necessitatis
407 1974 457 2029 est
479 1963 660 2028 remedium
682 1964 835 2051 parcitas.

168 2064 297 2149 Negata
320 2075 368 2130 est
390 2068 518 2152 magnis
542 2065 719 2131 sceleribus
743 2086 872 2151 semper
893 2064 986 2130 fides.

78 2172 147 2232 220
169 2166 273 2233 Nemo
295 2169 342 2232 ita
363 2190 489 2256 pauper
510 2171 597 2234 vivit
620 2191 716 2255 quam
738 2177 835 2232 natus
859 2176 920 2231 est.

171 2269 275 2335 Nemo
298 2280 407 2357 potest
430 2293 603 2358 personam
625 2271 684 2335 diu
705 2271 790 2334 ferre
806 2269 934 2334 fictam:
956 2269 1033 2334 ficta
1048 2269 1113 2334 cito
1129 2269 1163 2332 in
1177 2291 1232 2332 na-

490 2383 596 2437 turam
619 2395 711 2438 suam
734 2369 895 2437 recidunt.

172 2474 276 2539 Nemo
299 2475 442 2561 prudens
464 2477 560 2562 punit
582 2477 659 2562 quia
673 2484 843 2562 peccatum
859 2483 917 2557 est,
941 2473 999 2538 sed
1014 2495 1055 2538 ne
1070 2481 1233 2559 peccetur.

168 2576 273 2641 Nemo
296 2599 409 2662 regere
431 2586 540 2664 potest
561 2578 626 2642 nisi
649 2585 681 2640 et
704 2577 760 2663 qui
781 2578 863 2661 regi.

168 2679 282 2762 Nemo,
307 2681 362 2765 qui
385 2680 492 2766 coepit
515 2701 625 2762 exse,
648 2680 751 2743 risum
773 2677 933 2766 praebuit.
960 2677 963 2685 '

78 2787 145 2845 225
169 2779 325 2868 Nequitia
346 2803 451 2869 poena
473 2784 618 2846 maxima
640 2782 779 2867 ipsamet
802 2782 853 2845 sui
877 2788 936 2844 est.

168 2882 282 2946 Nescit
303 2885 331 2948 is
354 2905 480 2965 nocere,
504 2886 560 2972 qui
582 2905 700 2948 nocere
722 2881 808 2946 velle
830 2881 986 2969 prodidit.

168 2984 224 3049 Nil
247 2986 344 3071 eripit
366 2985 506 3070 fortuna,
530 2989 595 3051 nisi
617 2986 703 3072 quod
727 2994 760 3051 et
782 2985 884 3049 dedit.

134 3133 139 3148 .
168 3086 224 3151 Nil
247 3109 342 3174 posse
365 3109 562 3174 quemquam
583 3099 746 3154 mortuum
768 3087 830 3153 hoc
853 3097 903 3152 est
925 3087 1048 3153 vivere.

80 3221 288 3236 -d-m—

169 3315 230 3373 206
255 3315 306 3372 Go.
324 3315 386 3372 Seu.
404 3315 438 3372 de
454 3314 532 3372 clem.
550 3315 625 3388 2,“5,
644 3316 660 3371 1
752 3315 811 3374 207
837 3317 878 3372 Gr
893 3334 926 3372 ex
941 3315 1001 3372 cod.
1017 3314 1100 3372 Pelet.
1117 3315 1180 3371 Son.
1197 3316 1230 3373 de

81 3400 186 3473 provid.
204 3400 234 3472 4,
251 3400 269 3458 3
357 3401 417 3459 208
441 3403 476 3458 R.
494 3401 555 3457 Sen.
573 3401 606 3456 de
620 3403 659 3456 ira
675 3400 705 3473 2,
718 3400 800 3472 20,3
888 3400 948 3459 209
974 3402 1022 3456 Go.
1041 3400 1077 3455 De
1093 3418 1160 3457 mor.
1179 3402 1229 3474 18,

80 3486 137 3540 Cio.
154 3485 187 3540 de
202 3493 304 3541 senect.
324 3487 373 3559 18,
390 3487 429 3543 66
518 3485 580 3543 210
603 3487 651 3542 Go.
669 3485 732 3541 Seu.
748 3485 781 3541 de
796 3485 873 3541 clem.
892 3485 921 3557 2,
939 3483 1004 3556 6,4
1091 3485 1150 3540 211
1176 3487 1229 3542 Βο.

81 3569 175 3643 Eurip.
197 3587 240 3644 ep.
262 3570 314 3626 Cic.
332 3572 411 3626 Tusc.
434 3571 469 3643 3,
486 3570 541 3643 25,
558 3571 598 3629 59
687 3569 746 3626 212
770 3572 818 3626 Pr.
840 3570 902 3625 Seu.
923 3568 986 3625 Exc.
1002 3568 1129 3624 Controv.
1148 3570 1182 3640 3,
1199 3571 1229 3642 5,

80 3662 152 3710 extr.
169 3673 216 3728 pg.
234 3655 306 3726 370,
323 3655 340 3712 5
357 3657 405 3711 Ru.
473 3656 533 3713 213
556 3657 611 3711 Ρη.
629 3655 693 3711 Sen.
710 3656 743 3711 de
759 3656 837 3712 clem.
855 3656 884 3726 1,
901 3655 930 3726 5,
947 3653 965 3710 5
1032 3652 1101 3709 214
1117 3654 1149 3722 0.
1166 3654 1229 3711 Sen.

80 3742 163 3814 epist.
179 3740 244 3812 3,3
346 3741 406 3796 215
430 3743 479 3797 Pr.
581 3740 642 3799 216
666 3742 716 3797 Gr.
734 3739 803 3797 Plin.
820 3741 898 3814 epist.
917 3741 945 3811 1,
963 3740 1013 3812 17,
1030 3738 1059 3795 4.
1092 3738 1132 3796 Gi.
1149 3756 1229 3814 supra

81 3825 299 3898 pg.107,110.
347 3826 407 3882 217
431 3828 480 3891 Pr.
496 3825 624 3882 Laberius
641 3845 665 3881 v.
682 3825 834 3884 12611155.
851 3850 892 3871 =
908 3825 971 3882 Seu.
989 3825 1022 3880 de
1037 3825 1075 3880 ira
1096 3823 1126 3895 2,
1145 3824 1193 3895 11,
1210 3825 1228 3881 3

169 3908 229 3967 218
253 3912 300 3967 Pr.
318 3910 393 3966 Caco.
410 3911 482 3966 Belb.
501 3911 571 3967 Mon.
590 3911 639 3983 11,
657 3911 686 3983 5,
703 3929 749 3986 pg.
765 3910 806 3987 ι22
892 3911 952 3967 219
976 3911 1025 3966 Pr.
1043 3909 1106 3966 Seu.
1122 3908 1228 3984 Hippoi.

84 3994 144 4052 162
233 3994 295 4053 220
319 3995 927 4070 ον.5555(1.Ρ5Ι5ῑ.855.(1555511556
1015 3995 1074 4050 221
1102 3996 1149 4051 (ἕο.
1167 3994 1229 4049 Seu.

80 4079 114 4135 de
131 4080 211 4136 clem.
230 4082 258 4154 1,
270 4081 297 4154 1,
307 4082 333 4138 6.
357 4081 395 4136 uf.
413 4098 494 4155 supra
510 4099 555 4155 pg.
575 4081 645 4153 123,
664 4081 722 4137 137
782 4080 842 4136 222
860 4083 896 4137 R.
913 4081 974 4136 Son.
992 4080 1025 4136 de
1040 4081 1079 4134 ira
1096 4080 1124 4152 1,
1143 4080 1192 4150 19,
1211 4079 1227 4136 7

168 4164 229 4222 223
252 4168 288 4222 R.
305 4166 368 4225 Sen.
385 4166 418 4221 de
434 4167 471 4220 ire
489 4165 523 4237 2,
542 4166 597 4239 15,
613 4165 633 4221 4
733 4165 794 4221 224
818 4167 867 4222 Gr.
885 4183 917 4221 ex
933 4165 993 4221 cod.
1010 4164 1093 4220 Pelet.
1104 4164 1179 4226 ,Seu
1196 4163 1228 4219 de

78 4259 168 4307 const.
186 4267 242 4325 sap.
260 4251 310 4322 17,
327 4250 345 4305 2
433 4250 493 4307 225
517 4250 634 4307 Ribbeck
650 4250 722 4323 315,
738 4253 791 4306 Pn.
815 4250 953 4324 utsupra
972 4268 1016 4323 pg.
1035 4249 1086 4321 91,
1104 4250 1142 4306 13

79 4335 143 4393 226
166 4336 215 4391 Gr.
234 4331 378 4410 (perdidit)
392 4353 424 4391 ex
440 4334 905 4392 5551515.055555155529
972 4333 1031 4390 227
1054 4335 1104 4390 Pr.
1117 4333 1180 4390 Seu.
1195 4334 1228 4390 de

78 4429 169 4477 const.
187 4438 243 4495 sap.
258 4421 315 4493 5,4
326 4420 388 4478 coll.
402 4423 481 4495 epist.
494 4421 594 4492 59,18
654 4419 715 4477 228
739 4420 787 4477 Pr.
800 4420 874 4477 Coeo.
888 4419 958 4476 9515.
973 4419 1044 4474 Mon.
1054 4419 1082 4491 1,
1092 4419 1121 4491 9,
1133 4437 1179 4494 pg.
1189 4421 1227 4477 18

146 4586 171 4631 δ
