3274 5280
384 550 428 614 40
634 525 639 534 ⁸
824 562 1098 611 ruouueouuuu.

386 741 471 784 saec.
494 718 558 783 IX.
583 727 614 782 et
630 719 674 783 X.
698 718 951 805 descripserunt,
973 740 1038 782 non
1060 718 1164 802 magis
1187 717 1236 780 rei
1257 717 1411 781 metricae
1433 719 1541 804 periti

386 830 496 886 essent
518 843 615 908 quam
637 819 703 903 ille,
727 821 784 906 qui
806 819 929 906 primus
951 819 1212 906 supplementum
1227 820 1461 883 sententiarum
1476 842 1539 906 pe-

387 924 546 988 destrium
569 921 675 987 codici
698 944 756 986 suo
778 919 957 985 inculcavit
980 930 1012 985 et
1033 922 1192 985 maiorum
1208 921 1449 985 enuntiatorum
1464 943 1538 984 am-

386 1025 476 1090 bitus
504 1024 551 1087 ita
579 1023 786 1110 dispertiisse
805 1025 894 1088 'satis
912 1022 1052 1106 habuit,
1084 1032 1120 1087 ut
1149 1021 1296 1108 singulos
1325 1021 1394 1086 fere
1416 1044 1538 1088 versus

388 1124 567 1213 explerent,
591 1125 713 1190 factum
736 1134 796 1207 est,
819 1135 856 1189 ut
879 1124 980 1189 verba
1002 1134 1117 1212 poetae
1139 1147 1205 1189 non
1227 1124 1331 1190 solum
1353 1124 1538 1188 notissimis

388 1227 556 1294 socordiae
578 1227 754 1313 generibus
772 1226 997 1310 foedarentur,
1021 1227 1079 1291 sed
1102 1228 1199 1292 etiam
1215 1226 1269 1290 hie
1286 1224 1354 1289 illic
1368 1227 1434 1290 suis
1451 1226 1556 1313 locis,

387 1339 606 1394 moverentur.
651 1330 802 1393 Ceterum
838 1329 880 1393 ad
912 1329 1149 1395 restituendum
1188 1329 1364 1417 pristinum
1394 1329 1538 1394 nitorem

387 1432 521 1495 minime
550 1441 617 1496 tam
645 1430 785 1496 fortibus
813 1432 967 1497 remediis
995 1454 1075 1518 opus
1105 1433 1166 1497 erit
1189 1453 1286 1518 quant
1308 1431 1342 1494 in
1364 1430 1472 1495 Plauti
1494 1453 1540 1494 ac

388 1533 535 1598 Terentii
557 1531 689 1596 fabulis.

474 1634 540 1701 Sed
568 1644 604 1699 ut
632 1633 845 1700 concedamus
874 1657 928 1699 eas
957 1637 1134 1701 sententias
1156 1635 1275 1699 iambis
1298 1633 1351 1697 vel
1372 1634 1539 1699 trochaeis
1631 1697 1632 1704 ,

387 1736 561 1802 adstrictas
585 1759 666 1819 esse,
690 1758 776 1802 nova
799 1739 947 1802 exoritur
969 1722 1125 1824 quaestio,
1150 1761 1213 1824 quo
1229 1738 1300 1801 iure
1314 1735 1456 1801 Publilio
1478 1759 1538 1800 eas

387 1839 594 1920 addicamuS,
619 1861 692 1904 cum
714 1847 829 1926 poetae
852 1862 970 1904 nomen
991 1861 1034 1902 ne
1055 1863 1155 1903 unum
1178 1839 1309 1926 quidem
1331 1839 1476 1904 codicem
1499 1841 1540 1903 in

300 1970 304 1976 ¹
387 1943 494 2007 fronte
516 1942 682 2029 praeferre
703 1943 769 2005 iam
792 1963 891 2028 supra
913 1941 1142 2008 docuerimus?
1166 1941 1258 2006 siin
1272 1963 1372 2004 unum
1387 1939 1537 2026 colligas,

388 2066 471 2130 quae
494 2043 535 2106 de
550 2041 687 2107 Publilii
710 2044 882 2107 sententiis
898 2043 1093 2128 Senecarum
1115 2043 1254 2108 rhetoris
1277 2065 1315 2105 ac
1337 2041 1538 2130 philosophi,

389 2144 491 2210 Gellii
513 2154 545 2208 et
567 2145 728 2210 Macrobii
750 2146 946 2211 testimoniis
969 2168 1028 2233 pro
1046 2145 1229 2232 ,exploratis
1251 2143 1365 2208 haberi
1387 2133 1559 2231 possunt·

389 2269 426 2312 eo
448 2245 586 2310 redeunt
609 2248 727 2330 omnia,
750 2256 787 2311 ut
809 2256 935 2313 constet
958 2269 1012 2310 eas
1034 2247 1137 2312 fuisse
1152 2245 1289 2331 singulis
1305 2245 1455 2310 versibus
1472 2247 1538 2310 cir·
1631 2307 1632 2322 ,

390 2349 614 2435 cumscriptas,
637 2347 809 2436 plerasque
832 2350 968 2416 senariis
991 2349 1142 2413 iambicis
1165 2349 1373 2436 compositae,
1396 2348 1536 2412 nonnul-

389 2450 437 2514 las
470 2451 669 2515 tetrametris
697 2451 887 2535 trochaicis,
922 2452 1064 2537 denique
1093 2451 1290 2538 pertinuisse
1322 2449 1365 2513 ad
1392 2450 1537 2536 philoso-

388 2551 498 2638 phiam
526 2552 681 2616 moralem
704 2553 799 2617 etad
822 2573 1024 2622 communem
1047 2575 1231 2617 sermonum
1253 2575 1347 2616 usum
1370 2575 1537 2618 commen·
1565 2545 1569 2552 ’
1631 2567 1632 2632 j

389 2654 574 2719 <latissimas
608 2655 721 2718 fuisse.
767 2655 859 2736 Quae
888 2655 996 2719 omnia
1027 2678 1093 2721 non
1120 2653 1225 2719 solum
1253 2655 1389 2718 mirifice
1418 2677 1537 2720 conve·
1631 2647 1632 2662 ¹

387 2758 482 2821 niunt
504 2778 578 2820 cum
601 2757 771 2822 sententiis
794 2759 926 2840 nostris,
950 2755 1009 2821 sed
1032 2758 1129 2821 etiam
1152 2778 1266 2821 versus
1289 2757 1317 2819 1.
1339 2757 1370 2819 2.
1392 2757 1537 2824 55.104.

391 2859 463 2923 176.
488 2859 558 2924 178.
581 2859 654 2922 221.
677 2858 750 2922 234.
773 2860 847 2924 236.
869 2859 942 2924 245.
965 2859 1038 2924 250.
1062 2858 1136 2923 286.
1158 2858 1231 2922 362.
1254 2858 1317 2922 383
1332 2856 1432 2922 iidem
1448 2870 1537 2942 sunt,

390 2983 470 3047 quos
493 2983 513 3024 a
536 2957 660 3026 Seneca
682 2970 714 3025 et
736 2958 845 3024 Gellio
867 2959 1010 3027 Publilio
1032 2962 1134 3026 tribui
1158 2959 1312 3027 vidimus.

476 3063 647 3150 Superest,
677 3072 713 3127 ut
736 3061 928 3148 quomodo
951 3063 1124 3128 Publilii
1151 3083 1291 3127 nomen
1310 3061 1537 3126 intercide-

390 3166 445 3229 rit
467 3187 512 3229 ae
535 3165 776 3230 Senecaexin
800 3165 885 3228 eius
908 3163 1041 3230 locum
1064 3165 1327 3247 successerit,
1350 3166 1462 3251 paucis
1479 3186 1537 3228 ex·
1631 3179 1632 3216 t

390 3289 560 3354 ponamus.
604 3266 718 3331 Potest
751 3265 785 3329 id
820 3287 897 3330 casu
930 3265 1105 3346 accidisse,
1138 3268 1279 3332 rescisso
1311 3268 1416 3353 primo
1444 3265 1537 3347 folio,
1631 3317 1632 3324 ,

391 3391 488 3455 quam
511 3369 728 3455 suspicionem
751 3367 858 3434 codex
879 3367 945 3451 ille,
969 3369 1056 3432 unde
1072 3369 1259 3432 Turioensis
1276 3368 1458 3453 descriptus
1475 3379 1538 3451 est,

389 3468 524 3535 mutilus
546 3471 650 3552 initio,
674 3470 865 3535 confirmare
880 3469 1026 3556 videtin,
1050 3479 1157 3558 potest
1180 3470 1222 3534 ad
1239 3492 1312 3533 eum
1327 3469 1538 3534 librariorum

389 3594 513 3638 morem
540 3572 672 3656 referri,
701 3582 752 3654 ut,
782 3594 864 3659 quae
892 3572 1010 3637 litteris
1039 3573 1215 3637 maioribus
1245 3570 1410 3636 exaranda
1433 3582 1537 3654 erant,
1631 3565 1632 3590 ¹

390 3675 494 3740 veluti
516 3673 639 3758 titulos,
663 3677 781 3762 pictori
803 3683 916 3761 postea
931 3671 1094 3761 explenda
1108 3675 1347 3762 relinquerent,
1371 3681 1479 3760 potest
1501 3673 1538 3734 id

391 3778 532 3864 denique
555 3777 636 3861 fingi
657 3775 728 3841 ludi
749 3777 979 3861 magistrorum
1002 3775 1098 3863 eulpa
1114 3788 1146 3842 et
1164 3775 1398 3865 discipulorum
1413 3775 1539 3837 factum
1631 3797 1632 3810 ¹

392 3901 478 3961 esse,
502 3888 538 3943 ut
561 3880 638 3942 dum
653 3879 696 3954 ,in
717 3879 888 3942 sententiis
911 3878 1183 3964 interpretandis,
1207 3876 1444 3958 describendis,
1468 3874 1537 3939 edi-

392 3981 521 4044 scendis
550 3979 727 4064 desudant,
757 4002 871 4044 versus
894 3981 982 4068 ipsos
1005 3982 1110 4066 magis
1134 3989 1285 4044 curarent
1307 4001 1403 4066 quam
1426 3986 1538 4043 aucto-

392 4104 460 4146 rem
475 4081 608 4146 aliunde
623 4104 738 4169 parum
753 4092 875 4148 notum.
913 4082 979 4148 Sed
999 4082 1128 4148 facilior
1144 4080 1319 4169 explicatio
1336 4082 1369 4144 in
1384 4090 1538 4168 promptu

392 4195 451 4250 est.
489 4185 572 4249 Oum
594 4185 681 4247 enim
703 4187 863 4271 posterior
885 4186 1118 4249 sententiarum
1134 4207 1208 4271 pars
1224 4184 1415 4265 interiisset,
1439 4182 1538 4246 aliae·
1631 4241 1632 4256 ,

378 4297 520 4376 'que'ex
541 4286 626 4352 libro
649 4285 690 4350 dc
711 4287 856 4362 moribus
879 4289 914 4350 in
936 4309 1046 4350 earum
1068 4286 1176 4352 locum
1198 4295 1307 4350 essent
1327 4286 1538 4369 substitutae,

392 4412 489 4476 quem
516 4389 637 4453 librum
666 4388 732 4452 iam
760 4398 853 4453 sexto
876 4398 950 4477 post
973 4387 1140 4453 Christum
1162 4387 1291 4453 saeculo
1314 4387 1457 4453 Senecae
1479 4411 1538 4451 no·

392 4493 481 4555 mine
513 4492 607 4556 citari
641 4489 753 4555 docuit
781 4491 940 4572 Haasius,
972 4491 1007 4554 in
1034 4491 1172 4577 praefat.
1200 4489 1243 4554 ad
1272 4489 1346 4555 Seu.
1378 4489 1443 4552 vol.
1472 4488 1539 4551 ΠΙ.

392 4616 448 4680 pg.
471 4592 556 4676 XX,
585 4591 730 4680 proclive
760 4615 836 4656 sane
862 4591 927 4657 fuit
952 4591 1065 4657 relicto
1087 4590 1230 4656 Publilio
1253 4591 1295 4654 ad
1318 4612 1389 4654 eam
1413 4591 1538 4677 opinio-
