3274 5280
365 453 407 550 3tl
802 469 1074 532 enonuaouuus.

298 639 305 662 ⁸
364 623 558 686 auctoritate
579 623 612 685 in
638 620 800 708 duplicem
819 643 959 686 errorem
976 621 1128 687 inductus
1144 633 1203 687 est.
1248 625 1393 690 Primum
1411 625 1512 708 enim,

365 746 439 787 cum
472 725 651 787 sententiae
682 725 716 786 in
750 724 918 788 codicibus
952 726 1046 810 quasi
1080 724 1222 790 Senecae
1254 726 1432 808 ferrentur,
1451 727 1512 810 'de

364 825 506 890 Publilio
529 835 660 890 auctore
681 848 746 888 non
769 825 934 889 dubitavit
956 826 1099 911 quidem,
1123 825 1181 890 sed
1204 826 1350 891 libellum
1367 828 1512 893 Grutero

364 927 539 991 obsecutus
561 927 729 1014 inscripsit
752 927 871 991 ‘Publii
897 926 972 1014 Syri
995 937 1027 992 et
1048 927 1185 993 aliorum
1209 938 1356 993 veterum
1379 940 1510 995 senten—

364 1031 452 1112 tiae’,
476 1029 594 1093 deinde
617 1029 787 1093 sententiis
809 1030 904 1094 novis
929 1027 1195 1114 Frisingensibus
1218 1031 1386 1113 minorem,
1411 1054 1509 1118 quarn

365 1154 423 1218 par
446 1139 525 1213 erat,
548 1131 645 1195 fidem
668 1129 821 1195 habebat.
866 1130 921 1195 Sic
937 1131 1021 1194 enim
1044 1131 1226 1219 praefatur:
1252 1132 1510 1212 *(1αο0116111-

364 1235 426 1297 teri
457 1233 616 1317 editione,
645 1234 756 1297 neseio
784 1232 924 1317 unde(‘l)
954 1233 1113 1320 prolatae,
1145 1243 1221 1297 sunt
1248 1255 1382 1299 numero
1405 1236 1509 1298 001111-
1627 1239 1628 1290 ἒ

292 1409 294 1414 Ι
364 1345 483 1419 gentas
506 1344 537 1399 et
559 1334 631 1422 plus
655 1335 902 1421 quinquaginta,
927 1357 1037 1398 earum
1059 1336 1162 1399 maior
1183 1357 1258 1421 pars
1281 1357 1386 1422 neque
1406 1338 1440 1399 in
1456 1358 1509 1401 eo·

365 1436 494 1501 dicibus
516 1437 638 1501 nostris
662 1445 864 1522 comparent,
892 1458 998 1522 neque
1020 1439 1193 1522 quicquam
1216 1437 1368 1501 Publiani
1391 1437 1509 1502 coloris

366 1540 534 1625 saporisve
556 1538 590 1602 in
614 1559 649 1601 se
672 1537 803 1602 habent.
849 1537 914 1602 Eas
937 1560 1012 1621 nos,
1036 1548 1072 1601 ut
1095 1537 1148 1601 vel
1170 1538 1257 1602 lectu
1279 1537 1442 1624 indignas,
1465 1540 1509 1602 ab

366 1640 509 1704 editione
531 1640 592 1703 hae
616 1639 785 1705 eiecimus:
816 1661 898 1726 quae
921 1661 998 1703 vero
1021 1642 1169 1703 acumine
1192 1662 1226 1704 se
1249 1662 1307 1705 suo
1329 1663 1367 1704 ac
1389 1663 1509 1705 venere

367 1752 398 1806 et
421 1743 516 1806 metri
540 1743 757 1807 concinnitate
780 1740 1018 1821 commendant,
1041 1739 1155 1807 lectori
1178 1741 1232 1805 hic
1255 1742 1470 1808 exhibemus'.

450 1845 540 1909 Inter
568 1854 691 1909 eeteros
715 1865 799 1907 saec.
823 1842 955 1906 XVIII.
979 1841 1120 1906 editores
1143 1843 1325 1909 laudandus
1349 1854 1397 1908 est
1423 1845 1444 1910 J
1452 1867 1507 1908 oa.

366 1946 508 2010 Petrus
536 1945 723 2010 Millerus
753 1944 910 2028 (Phaedri
938 1943 1043 2007 Fabb.
1072 1944 1182 2008 Publii
1211 1945 1288 2032 Syri
1315 1948 1507 2028 sententiae,

367 2049 521 2134 Dionysii
537 2047 671 2111 Catonis
688 2045 838 2127 disticha,
856 2044 963 2109 Berol.
983 2044 1089 2130 1753),
1114 2046 1167 2109 vel
1182 2046 1243 2112 hoe
1257 2049 1398 2130 nornine,
1421 2049 1508 2135 quod
1530 2067 1533 2074 ’

365 2151 543 2214 sententias
566 2148 626 2212 soli
642 2147 784 2213 Publilio
799 2147 951 2212 addicere
966 2169 1063 2210 ausus
1079 2159 1139 2212 est.
1177 2149 1349 2214 Praeterea
1365 2172 1422 2214 suo
1437 2152 1513 2216 iure.

366 2252 543 2317 Gruterum
565 2251 783 2336 impugnavit,
807 2249 894 2336 quod
917 2249 1011 2314 binos
1034 2249 1205 2336 aliquoties
1229 2274 1343 2316 versus
1367 2254 1451 2316 inter
1474 2275 1508 2316 se

366 2352 549 2418 simillimos
577 2350 772 2438 protulerat,
802 2373 937 2438 quorum
960 2349 1121 2417 Publilius
1150 2352 1203 2416 vel
1225 2351 1415 2440 alterutrum
1438 2341 1507 2418 tan-

365 2454 531 2520 tummodo
554 2455 736 2540 composuit
758 2452 811 2516 vel
832 2452 968 2535 nullum,
992 2453 1085 2518 verbi
1108 2476 1222 2517 eausa:
1490 2441 1495 2450 ’

652 2614 789 2672 Felicitas
810 2613 921 2686 infelici
941 2615 1109 2674 iaaoceatia
1130 2619 1178 2672 et.

651 2714 768 2787 Iafcllci
790 2717 957 2775 iaaoeeatia
979 2721 1020 2775 est
1040 2716 1171 2789 felicitas.

453 2862 491 2926 111
516 2861 697 2926 editione
720 2861 938 2947 Bipontina
961 2862 1117 2948 (Phaedri
1137 2862 1226 2927 fabb.
1242 2862 1402 2926 accedunt
1418 2862 1456 2925 P.
1473 2863 1506 2927 S.

365 2965 547 3028 sententiae
569 2972 629 3027 etc.
648 2963 744 3050 1784)
767 2963 850 3026 nihil
873 2973 937 3047 est,
962 2965 1049 3051 quod
1071 2966 1202 3051 proprie
1225 2966 1401 3050 vituperes,
1424 2962 1508 3026 1111111

365 3089 428 3152 quo
451 3064 655 3150 cumulique
679 3063 787 3128 fructu
808 3067 924 3148 utaris,
947 3076 1086 3152 excepta
1108 3066 1246 3131 fortasse
1270 3065 1507 3146 ε111111111111110-

364 3169 474 3249 raria’,
497 3188 594 3253 quam
616 3167 736 3231 rectius
759 3166 850 3230 dicas
867 3167 1046 3232 editionum
1062 3168 1194 3232 Publilii
1202 3167 1286 3254 ,Syri
1305 3166 1506 3251 catalogum:

364 3269 457 3350 adeo,
480 3270 536 3355 qui
559 3291 628 3332 earn
652 3269 790 3351 curavit,
814 3290 849 3332 se
872 3270 1012 3335 Grutero
1034 3269 1219 3334 addixerat.

452 3369 609 3434 Eiusdem
637 3371 715 3436 Jani
737 3370 871 3435 Gruteri
900 3373 1119 3436 recensionem
1151 3380 1296 3454 secutus,
1324 3372 1410 3436 sicut
1436 3374 1508 3458 ipse

368 3474 450 3538 dicit
478 3475 512 3537 in
539 3473 634 3538 titulo
662 3473 756 3557 libri,
791 3474 876 3538 Car.
905 3472 1023 3538 Henr.
1057 3472 1294 3537 Tzschucke
1329 3472 1506 3537 Publilium

365 3576 485 3663 Syrum
513 3575 617 3641 edidit
639 3563 679 3640 'in
702 3598 795 3641 usum
819 3575 1016 3657 scholarum,
1043 3573 1209 3663 adspersis
1233 3573 1351 3638 notulis
1374 3575 1507 3660 quibus·

364 3678 450 3762 dam,
473 3678 564 3766 Lips.
590 3679 681 3743 1790.
1184 3663 1187 3670 ¹

448 3781 662 3865 Permagnam
681 3779 833 3845 editionis
849 3802 926 3843 suae
942 3781 1201 3866 expectationem
1217 3787 1363 3843 moverat
1385 3779 1506 3844 10011-

364 3905 431 3946 nes
455 3882 566 3948 Conr.
590 3881 784 3964 Orellius,
808 3882 840 3946 J.
857 3882 992 3972 Caspari
1015 3880 1171 3967 patruelis
1194 3880 1247 3964 (P.
1264 3881 1341 3968 Syri
1363 3882 1454 3945 mimi
1475 3891 1508 3944 ct

310 4021 313 4036 =
363 3984 501 4048 aliorum
516 3986 708 4066 sententiae,
731 3984 823 4071 Lips.
841 3983 951 4067 1822),
971 3983 1036 4047 nisi
1052 4005 1129 4048 mox
1141 3983 1274 4048 editoris
1290 3983 1435 4047 officium
1450 4005 1506 4068 pa-

363 4109 435 4150 rurn
449 4084 633 4172 explevisse
649 4087 801 4150 inventus
817 4094 911 4150 esset.
934 4086 1109 4150 Hominem
1125 4087 1210 4149 enim
1226 4107 1262 4150 se
1273 4107 1344 4150 eum
1356 4084 1507 4172 praebuit

364 4190 398 4252 in
419 4186 609 4252 adornando
631 4186 687 4252 illo
709 4186 808 4269 libre,
835 4188 891 4273 qui
912 4187 1050 4251 aliorum
1072 4188 1180 4274 potius
1205 4210 1301 4274 quam
1324 4180 1381 4252 suo
1404 4194 1506 4251 staret

364 4290 502 4374 iudiei03
525 4300 557 4354 et
580 4311 653 4354 011111
675 4290 708 4353 in
731 4289 893 4375 prioribus
915 4289 1113 4353 editionibus
1133 4290 1168 4353 id
1190 4293 1261 4354 iure
1276 4291 1505 4376 vituperasset,

365 4391 450 4477 quod
474 4394 506 4454 in
530 4393 763 4456 sententiarum
790 4414 924 4456 1111111010
950 4393 1068 4456 mirum
1092 4403 1248 4478 quantum
1271 4389 1505 4478 discreparent,

364 4495 435 4579 ipse
463 4495 545 4558 nihil
572 4495 737 4580 antiquius
767 4493 1021 4579 babuit,qua1n
1049 4505 1084 4558 ut
1112 4496 1261 4559 omnibus
1291 4495 1360 4559 sine
1383 4494 1505 4559 iudicio
