3014 5116
287 466 291 473 ¹
318 386 359 451 68
579 445 582 451 .
632 403 787 449 ruumuu
810 403 889 450 erui
912 401 1145 450 suuruurmn.

403 558 506 620 Amor
528 559 651 620 otiosae
673 577 771 619 causa
793 555 1033 621 sollicitudinis.

339 666 379 723 35
402 657 548 726 Avidum
572 679 642 721 esse
664 667 792 745 oportet
813 659 987 741 neminem,
1010 660 1146 722 minime
1170 680 1296 723 senem.

401 761 522 825 Animo
547 757 653 824 uirum
676 759 824 848 pudicae,
848 783 912 824 non
934 759 1027 825 oculo
1051 759 1189 845 eligunt.

401 862 594 926 Amantium
616 864 664 925 ira
686 864 804 926 amoris
828 863 1003 946 integratio
1025 871 1084 927 est.

402 965 553 1028 Amantis
577 965 629 1027 ius
651 963 825 1028 iurandum
847 985 984 1051 poenam
1006 986 1071 1028 non
1093 964 1206 1029 habet.

400 1068 536 1149 Amans,
561 1067 645 1130 sicut
666 1065 736 1147 fax,
759 1066 913 1151 agitando
936 1067 1078 1131 ardescit
1100 1069 1221 1152 magis.

338 1176 379 1234 40
401 1169 514 1250 Amor,
537 1178 574 1232 ut
596 1166 741 1251 lacrima,
763 1169 806 1231 ab
828 1166 921 1233 oculo
944 1169 1056 1250 oritur,
1080 1171 1115 1231 in
1136 1179 1258 1255 pectus
1283 1170 1375 1234 cadit.

400 1271 521 1355 Animo
544 1270 720 1357 imperabit
744 1272 883 1357 sapione,
908 1268 1026 1334 stultus
1050 1270 1183 1335 serviet.

346 1444 348 1450 ¹
401 1374 553 1437 Amicum
575 1395 618 1435 an
640 1395 757 1437 nomen
778 1368 910 1454 habeas,
934 1373 1038 1458 aperit
1061 1370 1246 1437 calamitas.

400 1476 515 1539 Amori
537 1476 635 1540 finem
657 1485 796 1562 tempus,
819 1498 886 1540 non
907 1477 1035 1539 animus
1058 1473 1148 1538 facit.
1219 1537 1233 1549 .

402 1578 457 1642 Bis
481 1588 530 1642 est
552 1588 682 1663 gratum
705 1577 792 1663 q'uod
815 1601 895 1664 opus
920 1587 980 1659 est,
1003 1575 1087 1640 ultro
1111 1578 1140 1640 si
1164 1578 1298 1641 offeras.

336 1687 376 1744 45
400 1681 566 1746 Bonarum
589 1703 698 1744 rerum
721 1679 920 1746 consuetudo
943 1668 1083 1766 pessima
1106 1688 1168 1742 est.
1253 1696 1260 1702 ·

399 1782 600 1847 Beneficium
621 1785 677 1869 qui
700 1784 779 1846 dare
800 1786 915 1864 nescit,
938 1783 1058 1845 iniuste
1081 1783 1176 1867 petit.

400 1884 526 1949 Bonum
550 1895 599 1949 est
622 1884 781 1970 fugienda
802 1887 948 1971 aspicere
971 1885 1005 1946 in
1026 1883 1133 1947 alieno
1155 1882 1259 1948 malo.

400 1986 600 2051 Beneficium
623 1990 772 2073 accipere
794 1987 979 2051 libertatem
1002 1996 1051 2050 est
1073 1984 1232 2069 vendere.

363 2119 369 2122 -
399 2087 492 2152 Bona
513 2090 636 2152 nemini
658 2088 737 2153 hora
760 2099 820 2171 est,
842 2099 879 2153 ut
900 2112 965 2153 non
987 2086 1085 2152 alicui
1108 2089 1151 2152 sit
1173 2087 1277 2152 mala.

315 2365 450 2408 comens
467 2369 490 2406 v.
509 2349 612 2508 p-E-Opl
627 2353 771 2410 Pearr
782 2351 864 2424 (uc),
882 2371 904 2406 v.
920 2351 1045 2410 35-43
1061 2352 1128 2424 rr,
1145 2370 1168 2406 v.
1186 2352 1324 2410 44—78
1337 2351 1455 2410 ruere

326 2571 329 2574 ·
398 2554 439 2611 34
462 2557 551 2610 otioso
569 2556 700 2630 Zrur'uper
786 2556 865 2613 elusa
882 2564 923 2613 est
938 2558 1048 2614 solliciti
1069 2555 1172 2612 timoris
1190 2554 1223 2624 C,
1241 2565 1288 2612 est
1304 2574 1399 2629 supra
1412 2572 1457 2611 scr.

315 2656 373 2696 sec.
389 2659 423 2697 ru.
442 2639 480 2704 B,
504 2659 526 2695 e.
543 2659 566 2697 c.
583 2648 666 2696 esto.
683 2640 836 2698 solitudinis
862 2643 941 2700 Viuo.
956 2645 1032 2699 Bell.
1048 2660 1092 2715 sp.
1108 2645 1133 2699 cl.
1150 2637 1181 2710 4,
1201 2641 1265 2698 109
1352 2641 1391 2700 35
1412 2644 1458 2697 lvi·

313 2719 392 2801 dum]
409 2728 426 2781 t.
444 2741 467 2781 e.
485 2745 622 2798 courum,
646 2726 685 2798 cf.
704 2725 759 2782 Cic.
778 2727 838 2783 Cot.
859 2733 925 2785 mei.
944 2728 998 2800 18,
1016 2726 1071 2797 66,
1092 2726 1325 2789 Pseudoseneca
1348 2731 1383 2784 de
1401 2746 1458 2784 mu.

316 2810 354 2866 18
441 2813 574 2866 neminem
596 2812 705 2866 minime
726 2813 848 2868 Gruter:
876 2831 909 2869 ne
931 2815 1039 2869 minimo
1061 2814 1232 2882 Palatinae,
1256 2815 1400 2870 neminem
1420 2813 1462 2868 nisi

314 2894 372 2949 FV
457 2895 495 2951 36
521 2897 565 2969 Cf.
585 2894 689 2952 Ceectt.
708 2897 792 2953 Ball.
811 2899 926 2954 Monac.
945 2899 994 2967 17,
1011 2898 1041 2970 3,
1059 2916 1108 2972 pp.
1125 2896 1164 2952 26
1181 2895 1226 2968 ἶΑ.
1243 2915 1269 2952 ν.
1288 2897 1401 2973 pudica,
1415 2914 1461 2954 nou

315 2978 401 3035 oculis
419 2977 510 3052 eligit:
528 2981 660 3054 impudica
676 2983 792 3055 speciem
810 2985 915 3055 quaerit
931 3001 985 3039 nou
1001 2983 1079 3037 rem?
1096 2981 1316 3058 Euripides(?):
1364 2975 1400 3040 οὐ
1414 2973 1461 3058 γὰρ

312 3051 470 3136 ὀφθαλμὸς
486 3052 517 3118 τὸ
533 3055 637 3135 uplvdv
653 3059 720 3136 ἐστι,
736 3054 809 3121 llll
826 3067 905 3135 νοῦς.
987 3068 1025 3125 37
1053 3069 1178 3125 Totidem
1194 3069 1296 3125 verbis
1316 3071 1463 3126 Terentius

313 3150 402 3204 Andr.
426 3148 460 3216 3,
477 3149 513 3220 3,
531 3149 578 3206 23.
610 3150 652 3222 Cf.
677 3170 693 3208 u
720 3152 778 3208 107
867 3153 906 3210 39
929 3154 1090 3210 4144111111.Ι
1113 3153 1148 3206 ita
1170 3159 1200 3205 ut
1222 3152 1387 3212 Palatinus

312 3232 368 3288 ard.
385 3235 469 3307 magis
485 3235 653 3290 Palatinus:
677 3253 710 3290 m.
727 3254 750 3292 a.
767 3238 824 3292 Fl'
908 3236 950 3295 40
971 3233 1033 3293 *ab
1050 3237 1129 3294 oculo
1146 3239 1181 3292 cl.
1198 3255 1224 3292 v.
1243 3236 1303 3296 36:
1330 3240 1363 3295 ab
1380 3239 1459 3295 oculis

313 3317 382 3387 FV,
407 3318 491 3374 oculis
514 3319 622 3376 Gruter
707 3320 746 3376 41
773 3319 817 3394 Cf.
841 3323 960 3379 Sallust.
984 3321 1045 3379 eat.
1071 3321 1145 3394 1‚2
1232 3325 1332 3381 Amori
1364 3327 1388 3383 V

313 3401 353 3457 42
377 3397 489 3479 nomen]
507 3408 549 3461 sic
565 3405 599 3476 F,
616 3423 672 3462 nou
689 3407 811 3479 hostem,
834 3414 864 3464 ut
880 3410 1014 3478 truditur,
1035 3413 1100 3464 ilem
1124 3406 1147 3461 V
1231 3406 1273 3464 44
1299 3418 1412 3486 gratum
1427 3417 1464 3467 est

314 3487 336 3544 C
358 3488 437 3545 Viuo.
456 3488 527 3546 Bell.
544 3507 588 3562 sp.
605 3493 631 3546 d.
648 3489 678 3561 4,
694 3490 745 3562 46,
764 3491 913 3549 Bentleius
929 3510 968 3549 ecc
983 3496 1062 3550 codd.
1080 3495 1148 3561 suis,
1165 3498 1193 3546 et
1208 3501 1323 3566 gratum
1339 3498 1384 3553 Pb

313 3590 367 3646 quo
389 3573 452 3630 dato
474 3592 543 3648 opus
565 3583 607 3631 est
626 3578 786 3640 Beothius,
811 3595 865 3650 quo
887 3577 950 3633 dato
972 3595 1042 3652 opus
1063 3585 1106 3633 est
1125 3577 1257 3634 Ribbeck
1351 3578 1424 3637 ultro
1444 3582 1463 3635 si

313 3659 471 3716 Erasmus.-
495 3662 516 3715 si
537 3661 610 3716 ultro
626 3662 684 3731 Le,
702 3661 749 3717 sed
767 3661 838 3717 ultre
864 3664 942 3719 Viuo.
1030 3662 1125 3719 offeras
1140 3663 1248 3719 PBBC
1271 3666 1355 3723 Vino.
1373 3668 1409 3722 sit
1423 3666 1471 3721 ila-2

314 3750 370 3797 tum
386 3745 448 3799 FV·
527 3744 568 3800 45
593 3744 678 3818 ΟΜ.
697 3747 757 3803 165
844 3748 1014 3804 cousuetudo
1030 3748 1113 3803 PRB
1136 3747 1212 3804 Viuo.
1231 3750 1308 3806 Bell.
1328 3769 1375 3824 sp.
1392 3755 1418 3808 d.
1435 3750 1461 3821 5,

312 3826 368 3899 43,
391 3829 547 3884 Erasmus:
570 3831 649 3884 nimia
671 3847 746 3885 cons.
769 3833 798 3886 F
805 3834 828 3888 V
850 3835 929 3892 Vino.
946 3835 1021 3889 Bell.
1042 3850 1085 3905 sp.
1107 3833 1186 3905 ut,
1204 3833 1261 3906 16,
1284 3853 1366 3892 cons.
1388 3838 1463 3893 nimir

312 3912 374 3967 lou.
392 3912 542 3968 Suresber.
561 3915 669 3972 Pollcr.
685 3914 715 3986 4,
733 3916 750 3971 9
838 3925 880 3973 est
902 3915 1194 3991 pessima‘Bentler'us,
1211 3937 1233 3974 r.
1250 3918 1276 3980 b.
1295 3939 1320 3978 c.
1339 3932 1382 3978 est
1398 3923 1463 3996 opti·

312 4013 353 4051 ma
378 3997 531 4053 Fabricius
552 4014 591 4054 ex
611 4016 679 4054 msc.
768 4000 808 4058 46
832 4000 993 4076 Beneficium
1015 4003 1091 4059 LEC
1118 4005 1199 4069 Vr'uc.
1219 4006 1295 4062 Bell.
1318 4024 1365 4079 sp.
1388 4010 1413 4064 d.
1434 4007 1462 4078 4,

236 4131 242 4137 „
312 4080 368 4138 46:
396 4079 526 4139 beneficia
551 4083 688 4140 Pithoeus
779 4089 824 4159 qui
849 4087 912 4142 dere
938 4088 1013 4143 tue
1042 4089 1120 4144 Vino.
1147 4088 1209 4144 dare
1236 4093 1284 4164 qui
1311 4093 1461 4164 Erasmus,

313 4168 394 4241 culpo
481 4166 521 4222 47
544 4171 573 4224 iu
589 4168 618 4222 F
625 4170 649 4225 V
661 4170 744 4241 infru
760 4172 865 4243 lepitur
877 4180 943 4243 post
959 4193 983 4229 u.
1002 4173 1051 4243 79,
1074 4176 1206 4231 hocloco
1223 4179 1252 4230 ln
1269 4178 1357 4234 PRB
1374 4182 1462 4235 Beru.

260 4260 263 4267 '
314 4251 335 4306 C
398 4268 454 4325 asp.
470 4252 529 4326 fug.
547 4253 589 4324 B,
607 4255 633 4308 in
650 4253 682 4308 al.
699 4271 732 4309 m.
749 4255 768 4309 1.
785 4272 841 4329 esp.
868 4258 945 4312 Viuo.
962 4259 1038 4314 Bell.
1056 4276 1100 4330 sp.
1118 4263 1144 4316 d.
1160 4258 1190 4330 4,
1208 4260 1258 4316 27.
1353 4263 1393 4322 48
1417 4264 1464 4321 EC

322 4336 399 4391 Vino.
417 4337 492 4392 Bell.
516 4354 560 4410 sp.
583 4341 611 4395 d.
626 4336 661 4409 4,
678 4339 718 4395 53
725 4364 735 4404 ;
757 4358 809 4396 om.
834 4343 857 4397 V
941 4350 982 4397 est
1004 4342 1047 4399 lib.
1070 4345 1146 4400 vend.
1171 4346 1251 4402 Vinc.
1274 4347 1321 4402 lib.
1340 4369 1366 4406 v.
1384 4350 1465 4406 estB

312 4419 463 4490 Erasmus,
481 4423 588 4478 vindere
604 4424 677 4479 PuR
763 4423 803 4481 49
827 4427 921 4482 oraV
1004 4428 1089 4484 aliie
1171 4431 1275 4488 silom.
1296 4435 1360 4492 BV
