3274 5280
334 435 376 498 26
583 419 592 424 ”
751 431 1042 514 ’111611661111111Ι

335 604 522 684 edidenmt,
553 623 634 689 qnos
663 600 744 664 duos
772 607 901 685 praeter
922 598 1110 662 Fabricium
1137 600 1304 662 nominavi
1326 599 1479 684 editores,

336 705 542 770 Henrieus
565 702 794 789 Stephanus
817 703 912 765 annis
937 701 1020 766 1564
1041 710 1074 763 et
1100 701 1190 780 1569,
1214 700 1249 763 11
1271 700 1478 785 Fragmentis

334 817 502 896 poetarum
531 815 678 870 veterum
706 803 881 868 latinorum
909 804 974 866 iarn
996 825 1015 865 a
1037 803 1181 867 Roberto
1206 811 1299 887 patre
1321 804 1479 888 collectis,

334 912 386 976 vir
408 909 510 974 sobrii
533 908 660 989 iudicii,
684 907 804 993 quippe
827 907 883 992 qui
905 906 1075 991 perpaucis
1097 904 1242 989 exeeptis
1258 908 1480 992 acquiesceret

335 1015 370 1076 in
392 1012 565 1076 sententiis
586 1009 629 1073 ab
651 1009 790 1072 Erasmo
812 997 990 1091 evulgatis,
1020 1015 1052 1070 et
1079 1004 1314 1072 Theodorus
1345 1011 1478 1076 Zwin-

335 1135 457 1198 gerus
479 1135 564 1176 6116
589 1109 682 1191 1575,
706 1110 762 1196 qui
784 1131 859 1195 pag.
875 1110 917 1173 62
939 1117 1050 1195 aperte
1072 1109 1240 1195 professus
1263 1125 1313 1176 est
1335 1115 1478 1179 ‘minium

335 1216 455 1298 6696116
477 1215 595 1278 ostendi
611 1232 702 1295 posse
723 1213 805 1276 later
821 1211 997 1276 Publiuaos
1017 1231 1125 1276 versus
1139 1233 1203 1276 1166
1219 1234 1340 1293 paucos
1353 1217 1479 1296 spartos

335 1319 489 1400 reperiri',
502 1316 619 1403 quibus
631 1313 743 1377 verbis
754 1311 986 1376 Panthaleonis
1002 1311 1179 1376 editionem
1191 1313 1323 1380 videtur
1337 1325 1479 1381 notasse.

337 1419 502 1503 Zwingeri
536 1440 634 1504 opus,
669 1415 810 1480 ‘Morum
839 1413 1045 1501 philosophia
1077 1417 1219 1500 poetica,
1257 1438 1299 1480 ex
1330 1426 1480 1483 veterum

335 1521 505 1607 utriusque
532 1519 663 1603 linguae
689 1526 858 1604 poetarum
885 1515 1046 1580 thesauris
1070 1517 1198 1582 XVIII.
1221 1516 1315 1582 libris
1338 1520 1480 1585 deducta

335 1621 435 1686 Basil.
461 1621 554 1686 1575’
577 1641 732 1704 magnum
753 1617 908 1683 volumen
930 1626 987 1699 661,
1011 1617 1099 1704 quod
1120 1618 1262 1684 6111621
1285 1615 1479 1707 paginarum

335 1723 493 1790 ambitum
514 1722 669 1805 accrevit,
692 1742 754 1785 nec
774 1729 894 1802 tamen,
918 1728 1074 1806 quantum
1095 1721 1176 1802 vidi,
1199 1721 1282 1788 aliae
1298 1726 1480 1787 sententiae

336 1827 542 1889 eontinentur
571 1825 635 1889 nisi
666 1823 887 1888 Erasmianae.
932 1821 1112 1885 Nonnullas
1147 1821 1253 1887 editor
1285 1827 1479 1890 coniecturis

337 1927 508 1992 emendare
523 1935 657 1991 conatus
673 1936 732 2005 est,
755 1945 807 1987 ex.
823 1946 872 2008 gr.
888 1946 921 1986 v.
940 1923 998 1988 187
1012 1924 1166 2004 sentinam
1180 1931 1350 2004 maturam,
1368 1949 1399 1990 v.
1416 1929 1477 1992 321

336 2029 574 2108 (1661161651,
599 2050 691 2114 quas,
714 2047 789 2090 cum
810 2027 876 2089 sint
897 2023 1018 2088 nullius
1041 2027 1155 2112 pretii,
1179 2028 1214 2091 in
1235 2038 1394 2114 apparatu
1417 2030 1478 2093 cri-

336 2133 401 2194 tico
423 2129 613 2217 plerumque
635 2127 765 2193 silentio
788 2127 1076 2212 praetermisimus

356 2309 373 2319 -
421 2232 473 2296 De
501 2231 701 2315 Dionysio
731 2227 966 2293 Godofredo
995 2251 1099 2314 pauca
1122 2229 1301 2295 sufficient:
1332 2255 1408 2295 nam
1431 2235 1479 2297 in-

335 2334 420 2399 iuria
441 2334 528 2397 inter
548 2330 685 2396 Publilii
707 2329 848 2396 editores
870 2329 1019 2393 refertur.
1063 2332 1097 2395 Is
1121 2334 1218 2413 enim,
1243 2355 1315 2396 cum
1339 2334 1480 2399 Senecae

337 2433 522 2522 philosophi
544 2455 643 2520 opera
665 2455 748 2519 quae
771 2441 885 2497 extant
902 2433 1010 2496 omnia
1024 2455 1084 2496 sex
1099 2432 1321 2499 voluminibus
1337 2435 1480 2500 Basiliae

340 2536 610 2617 1590edidisset,
633 2536 668 2598 in
690 2533 755 2599 vol.
779 2534 840 2599 VI.
862 2542 1007 2598 extremo
1030 2557 1085 2620 pg.
1102 2535 1269 2600 273-287
1293 2537 1480 2602 ‘Proverbin

337 2639 480 2705 Senecue'
512 2637 648 2719 adiecit,
676 2660 718 2701 ne
747 2635 827 2724 quid
855 2634 1112 2718 desideraretur,
1140 2636 1194 2701 vel
1222 2637 1308 2724 quod
1337 2640 1480 2704 incertae

336 2740 540 2806 auctoritatis
567 2748 662 2804 esset.
706 2738 759 2802 116
786 2738 916 2802 factum
938 2747 1003 2819 est,
1032 2748 1069 2803 ut
1098 2741 1275 2804 sententias
1297 2740 1479 2827 pedestres,

337 2865 419 2928 quae
441 2842 475 2904 in
498 2841 639 2906 editione
661 2849 772 2905 nostra
793 2839 914 2904 litteris
935 2839 1101 2905 inclinatis
1119 2861 1296 2929 expressae
1311 2853 1397 2923 sunt,
1420 2865 1481 2907 nec

337 2944 454 3008 iambis
478 2941 654 3023 clauderet,
678 2963 737 3004 166
752 2940 899 3023 66166166,
923 2943 982 3006 6611
1003 2931 1175 3007 1111161666
1191 2945 1360 3030 reciperet,
1385 2953 1481 3030 prout

338 3067 391 3109 eas
418 3046 453 3108 in
481 3043 648 3108 codicibus
677 3043 942 3130 editionibusque
970 3046 1109 3110 vetustis
1132 3056 1310 3132 repererat,
1338 3047 1481 3132 denique

337 3171 378 3211 16
400 3145 611 3232 interpolatas
640 3144 773 3231 quidem
795 3167 838 3208 ex
859 3145 1001 3241 Senecae
1024 3145 1064 3209 116
1086 3146 1259 3212 clementia
1281 3147 1373 3212 libris
1397 3150 1480 3236 peti-

338 3260 388 3314 tas
411 3270 557 3312 resecare
578 3247 723 3312 auderet.

424 3350 507 3415 Cum
529 3349 713 3435 Stephanus
736 3358 768 3413 et
791 3350 984 3434 Zwingerus
1007 3351 1042 3414 in
1064 3351 1150 3416 viam
1173 3361 1295 3415 rectam
1317 3351 1358 3414 ab
1382 3352 1480 3419 Eras-

339 3476 389 3517 mo
418 3460 646 3533 monstratam,
675 3473 694 3514 a
722 3473 786 3538 qua
807 3450 1008 3517 Panthaleon
1035 3453 1235 3535 decesserat,
1263 3453 1481 3536 reflexissent,

339 3578 413 3620 ecce
441 3554 503 3618 sub
530 3553 628 3617 finem
651 3553 773 3620 saeculi
796 3554 891 3620 XVI.
921 3555 1064 3618 Petrus
1093 3555 1287 3620 Pithoeus
1319 3553 1426 3620 denuo
1447 3557 1481 3618 in

338 3668 482 3722 veterem
515 3677 656 3721 errorem
689 3654 835 3742 relapsus
869 3663 929 3721 est.
974 3656 1065 3721 Sicut
1097 3667 1206 3721 autem
1236 3647 1487 3742 aegrotantibus·

338 3759 439 3824 febris
466 3757 613 3822 recidiva
640 3759 774 3841 gravius
802 3767 913 3839 nocet,
942 3758 988 3822 ita
1009 3758 1138 3823 Pithoei
1167 3757 1352 3846 exemplum
1374 3768 1480 3845 poste·

337 3848 478 3925 rioribus
502 3858 681 3923 editoribus
703 3868 830 3923 tantum
852 3858 1003 3944 caliginis
1019 3860 1146 3944 offudit,
1169 3871 1322 3946 utusque
1337 3860 1380 3923 ad
1395 3860 1481 3924 hunc

338 3964 427 4026 diem
453 3962 595 4045 vestigia
622 3961 772 4026 veritatis
800 3960 946 4047 relegere
971 3964 1093 4027 nemini
1122 3964 1305 4047 contigerit.
1351 3962 1482 4027 Scilicet

339 4086 386 4134 66,
403 4063 547 4128 maxime
574 4063 729 4149 imposuit
751 4062 907 4129 Pithoeus
935 4062 1125 4150 philologis,
1155 4063 1242 4150 quod
1269 4064 1479 4151 Epigram-

338 4175 442 4230 mata
476 4175 513 4230 et
541 4165 741 4252 poematia
774 4174 912 4230 vetera
939 4167 1076 4231 Parisiis
1106 4189 1245 4231 excussa
1271 4189 1291 4229 a
1319 4166 1482 4254 Dionysio
1536 4206 1539 4212 ·
1628 4183 1629 4234 3

338 4268 495 4334 Duvallio
517 4266 702 4332 61161590
723 4266 876 4354 pleraque
899 4290 941 4332 ex
961 4269 1105 4354 antiquis
1122 4266 1288 4333 codicibus
1311 4290 1397 4331 nunc
1416 4270 1480 4354 pri-

340 4393 443 4452 nmm,
472 4369 536 4433 alia
564 4368 785 4434 emendatiora
808 4392 843 4433 se
866 4368 1010 4435 edidisse
1031 4372 1067 4434 in
1089 4367 1295 4435 fronte'libri
1317 4370 1480 4461 professus

340 4480 399 4552 661,
422 4493 487 4536 161
507 4479 708 4557 arroganter,
731 4471 760 4536 si
775 4471 995 4558 anthologiam
1009 4473 1045 4535 in
1059 4472 1245 4537 universum
1263 4472 1479 4557 spectaveris:
