<?xml version="1.0" encoding="UTF-8"?>
<!DOCTYPE html PUBLIC "-//W3C//DTD XHTML 1.0 Transitional//EN"
    "http://www.w3.org/TR/xhtml1/DTD/xhtml1-transitional.dtd">
<html xmlns="http://www.w3.org/1999/xhtml" xml:lang="en" lang="en">
 <head>
  <title>
</title>
<meta http-equiv="Content-Type" content="text/html;charset=utf-8" />
  <meta name='ocr-system' content='tesseract 3.04.00' />
  <meta name='ocr-capabilities' content='ocr_page ocr_carea ocr_par ocr_line ocrx_word'/>
</head>
<body>
  <div class='ocr_page' id='page_1' title='image "./publiliisyrisen00wlgoog/publiliisyrisen00wlgoog_0137.png"; bbox 0 0 3044 5124; ppageno 0'>
   <div class='ocr_carea' id='block_1_1' title="bbox 311 342 1062 414">
    <p class='ocr_par' dir='ltr' id='par_1_1' title="bbox 311 342 1062 414">
     <span class='ocr_line' id='line_1_1' title="bbox 311 342 1062 414; baseline -0.008 0"><span class='ocrx_word' id='word_1_1' title='bbox 311 350 371 414; x_wconf 98' lang='grc'><strong>126</strong></span> <span class='ocrx_word' id='word_1_2' title='bbox 709 362 928 410; x_wconf 81' lang='lat' dir='ltr'><strong>surrunrmn</strong></span> <span class='ocrx_word' id='word_1_3' title='bbox 950 342 1062 409; x_wconf 81' lang='grc'><strong>51555</strong></span> 
     </span>
    </p>
   </div>
   <div class='ocr_carea' id='block_1_2' title="bbox 312 513 1466 2642">
    <p class='ocr_par' dir='ltr' id='par_1_2' title="bbox 312 513 1466 2642">
     <span class='ocr_line' id='line_1_2' title="bbox 393 513 1298 601; baseline -0.003 -20"><span class='ocrx_word' id='word_1_4' title='bbox 393 516 627 582; x_wconf 82' lang='lat' dir='ltr'><strong>Iusiurandum</strong></span> <span class='ocrx_word' id='word_1_5' title='bbox 648 515 747 579; x_wconf 89' lang='lat' dir='ltr'><strong>alieni</strong></span> <span class='ocrx_word' id='word_1_6' title='bbox 768 514 870 579; x_wconf 90' lang='lat' dir='ltr'><strong>infido</strong></span> <span class='ocrx_word' id='word_1_7' title='bbox 894 513 1106 601; x_wconf 76' lang='lat' dir='ltr'><strong>emplastrum</strong></span> <span class='ocrx_word' id='word_1_8' title='bbox 1128 515 1214 578; x_wconf 90' lang='lat' dir='ltr'><strong>aeris</strong></span> <span class='ocrx_word' id='word_1_9' title='bbox 1238 524 1298 578; x_wconf 91' lang='lat' dir='ltr'><strong>est.</strong></span> 
     </span>
     <span class='ocr_line' id='line_1_3' title="bbox 393 617 1182 704; baseline -0.004 -21"><span class='ocrx_word' id='word_1_10' title='bbox 393 618 450 683; x_wconf 93' lang='lat' dir='ltr'><strong>Ius</strong></span> <span class='ocrx_word' id='word_1_11' title='bbox 474 640 601 683; x_wconf 88' lang='lat' dir='ltr'><strong>ornnem</strong></span> <span class='ocrx_word' id='word_1_12' title='bbox 624 639 722 704; x_wconf 89' lang='lat' dir='ltr'><strong>supra</strong></span> <span class='ocrx_word' id='word_1_13' title='bbox 742 617 896 681; x_wconf 88' lang='lat' dir='ltr'><strong>iniuriam</strong></span> <span class='ocrx_word' id='word_1_14' title='bbox 918 618 1062 702; x_wconf 90' lang='lat' dir='ltr'><strong>positum</strong></span> <span class='ocrx_word' id='word_1_15' title='bbox 1084 617 1182 682; x_wconf 88' lang='lat' dir='ltr'><strong>scias.</strong></span> 
     </span>
     <span class='ocr_line' id='line_1_4' title="bbox 395 717 1075 808; baseline -0.006 -23"><span class='ocrx_word' id='word_1_16' title='bbox 395 721 505 786; x_wconf 84' lang='lat' dir='ltr'>Labor</span> <span class='ocrx_word' id='word_1_17' title='bbox 527 720 718 808; x_wconf 75' lang='lat' dir='ltr'><strong>imperantis</strong></span> <span class='ocrx_word' id='word_1_18' title='bbox 740 717 882 783; x_wconf 88' lang='lat' dir='ltr'><strong>militurn</strong></span> <span class='ocrx_word' id='word_1_19' title='bbox 906 720 1075 784; x_wconf 79' lang='lat' dir='ltr'><strong>securitas.</strong></span> 
     </span>
     <span class='ocr_line' id='line_1_5' title="bbox 312 820 1234 889; baseline -0.003 0"><span class='ocrx_word' id='word_1_20' title='bbox 312 828 372 889; x_wconf 86' lang='lat'><strong>185</strong></span> <span class='ocrx_word' id='word_1_21' title='bbox 394 824 498 888; x_wconf 89' lang='lat' dir='ltr'><strong>Lassa</strong></span> <span class='ocrx_word' id='word_1_22' title='bbox 520 822 696 887; x_wconf 86' lang='lat' dir='ltr'><strong>crudelitas</strong></span> <span class='ocrx_word' id='word_1_23' title='bbox 718 844 783 887; x_wconf 90' lang='lat' dir='ltr'><strong>non</strong></span> <span class='ocrx_word' id='word_1_24' title='bbox 806 831 855 886; x_wconf 90' lang='lat' dir='ltr'><strong>est</strong></span> <span class='ocrx_word' id='word_1_25' title='bbox 877 820 1026 887; x_wconf 85' lang='lat' dir='ltr'><strong>vocanda</strong></span> <span class='ocrx_word' id='word_1_26' title='bbox 1049 821 1234 886; x_wconf 90' lang='lat' dir='ltr'><strong>clementia.</strong></span> 
     </span>
     <span class='ocr_line' id='line_1_6' title="bbox 394 924 1269 1012; baseline -0.005 -22"><span class='ocrx_word' id='word_1_27' title='bbox 394 926 538 1012; x_wconf 88' lang='lat' dir='ltr'><strong>Lepores</strong></span> <span class='ocrx_word' id='word_1_28' title='bbox 562 925 625 988; x_wconf 95' lang='lat' dir='ltr'><strong>duo</strong></span> <span class='ocrx_word' id='word_1_29' title='bbox 649 925 705 1010; x_wconf 90' lang='lat' dir='ltr'><strong>qui</strong></span> <span class='ocrx_word' id='word_1_30' title='bbox 727 924 921 1011; x_wconf 83' lang='lat' dir='ltr'><strong>insequitur,</strong></span> <span class='ocrx_word' id='word_1_31' title='bbox 945 924 973 986; x_wconf 92' lang='lat' dir='ltr'><strong>is</strong></span> <span class='ocrx_word' id='word_1_32' title='bbox 996 932 1146 987; x_wconf 87' lang='lat' dir='ltr'><strong>neutrum</strong></span> <span class='ocrx_word' id='word_1_33' title='bbox 1171 925 1269 1011; x_wconf 89' lang='lat' dir='ltr'><strong>capit.</strong></span> 
     </span>
     <span class='ocr_line' id='line_1_7' title="bbox 395 1024 1283 1112; baseline -0.005 -22"><span class='ocrx_word' id='word_1_34' title='bbox 395 1028 526 1112; x_wconf 80' lang='lat' dir='ltr'><strong>Lingua</strong></span> <span class='ocrx_word' id='word_1_35' title='bbox 549 1034 598 1091; x_wconf 90' lang='lat' dir='ltr'><strong>est</strong></span> <span class='ocrx_word' id='word_1_36' title='bbox 620 1024 821 1112; x_wconf 86' lang='lat' dir='ltr'><strong>maliloquax</strong></span> <span class='ocrx_word' id='word_1_37' title='bbox 842 1026 961 1090; x_wconf 86' lang='lat' dir='ltr'><strong>mentis</strong></span> <span class='ocrx_word' id='word_1_38' title='bbox 985 1025 1144 1089; x_wconf 92' lang='lat' dir='ltr'><strong>indicium</strong></span> <span class='ocrx_word' id='word_1_39' title='bbox 1167 1025 1283 1089; x_wconf 87' lang='lat' dir='ltr'><strong>malae.</strong></span> 
     </span>
     <span class='ocr_line' id='line_1_8' title="bbox 395 1127 1462 1214; baseline -0.006 -19"><span class='ocrx_word' id='word_1_40' title='bbox 395 1130 493 1214; x_wconf 84' lang='lat' dir='ltr'><strong>Mage</strong></span> <span class='ocrx_word' id='word_1_41' title='bbox 515 1127 663 1194; x_wconf 89' lang='lat' dir='ltr'><strong>cavenda</strong></span> <span class='ocrx_word' id='word_1_42' title='bbox 683 1130 863 1193; x_wconf 90' lang='lat' dir='ltr'><strong>amicorum</strong></span> <span class='ocrx_word' id='word_1_43' title='bbox 877 1127 1015 1208; x_wconf 85' lang='lat' dir='ltr'><strong>invidia,</strong></span> <span class='ocrx_word' id='word_1_44' title='bbox 1039 1148 1136 1213; x_wconf 89' lang='lat' dir='ltr'><strong>quam</strong></span> <span class='ocrx_word' id='word_1_45' title='bbox 1150 1127 1293 1191; x_wconf 88' lang='lat' dir='ltr'><strong>insidiae</strong></span> <span class='ocrx_word' id='word_1_46' title='bbox 1308 1127 1462 1191; x_wconf 88' lang='lat' dir='ltr'><strong>hostium.</strong></span> 
     </span>
     <span class='ocr_line' id='line_1_9' title="bbox 396 1230 1033 1317; baseline -0.003 -22"><span class='ocrx_word' id='word_1_47' title='bbox 396 1232 557 1317; x_wconf 84' lang='lat' dir='ltr'><strong>Magister</strong></span> <span class='ocrx_word' id='word_1_48' title='bbox 579 1230 719 1295; x_wconf 88' lang='lat' dir='ltr'><strong>infidelis</strong></span> <span class='ocrx_word' id='word_1_49' title='bbox 743 1240 793 1295; x_wconf 90' lang='lat' dir='ltr'><strong>est</strong></span> <span class='ocrx_word' id='word_1_50' title='bbox 813 1231 895 1294; x_wconf 89' lang='lat' dir='ltr'><strong>recti</strong></span> <span class='ocrx_word' id='word_1_51' title='bbox 917 1239 1033 1293; x_wconf 89' lang='lat' dir='ltr'><strong>metus.</strong></span> 
     </span>
     <span class='ocr_line' id='line_1_10' title="bbox 315 1319 1178 1417; baseline -0.001 -20"><span class='ocrx_word' id='word_1_52' title='bbox 315 1341 377 1399; x_wconf 89' lang='grc'><strong>190</strong></span> <span class='ocrx_word' id='word_1_53' title='bbox 399 1332 554 1417; x_wconf 84' lang='lat' dir='ltr'><strong>Magnam</strong></span> <span class='ocrx_word' id='word_1_54' title='bbox 576 1332 739 1398; x_wconf 87' lang='lat' dir='ltr'><strong>fortunam</strong></span> <span class='ocrx_word' id='word_1_55' title='bbox 761 1319 898 1417; x_wconf 84' lang='lat' dir='ltr'><strong>magnus</strong></span> <span class='ocrx_word' id='word_1_56' title='bbox 921 1333 1048 1396; x_wconf 92' lang='lat' dir='ltr'><strong>animus</strong></span> <span class='ocrx_word' id='word_1_57' title='bbox 1072 1331 1178 1417; x_wconf 86' lang='lat' dir='ltr'><strong>decet.</strong></span> 
     </span>
     <span class='ocr_line' id='line_1_11' title="bbox 397 1432 1466 1522; baseline -0.001 -23"><span class='ocrx_word' id='word_1_58' title='bbox 397 1435 513 1521; x_wconf 91' lang='lat' dir='ltr'><strong>Magni</strong></span> <span class='ocrx_word' id='word_1_59' title='bbox 527 1436 629 1499; x_wconf 91' lang='lat' dir='ltr'><strong>animi</strong></span> <span class='ocrx_word' id='word_1_60' title='bbox 645 1445 694 1500; x_wconf 91' lang='lat' dir='ltr'><strong>est</strong></span> <span class='ocrx_word' id='word_1_61' title='bbox 709 1436 879 1522; x_wconf 91' lang='lat' dir='ltr'><strong>proprium</strong></span> <span class='ocrx_word' id='word_1_62' title='bbox 893 1455 964 1498; x_wconf 88' lang='lat' dir='ltr'><strong>esse</strong></span> <span class='ocrx_word' id='word_1_63' title='bbox 976 1432 1199 1521; x_wconf 86' lang='lat' dir='ltr'><strong>tranquillum,</strong></span> <span class='ocrx_word' id='word_1_64' title='bbox 1213 1433 1357 1498; x_wconf 87' lang='lat' dir='ltr'><strong>iniurias</strong></span> <span class='ocrx_word' id='word_1_65' title='bbox 1370 1442 1466 1520; x_wconf 89' lang='lat' dir='ltr'><strong>atque</strong></span> 
     </span>
     <span class='ocr_line' id='line_1_12' title="bbox 921 1536 1466 1623; baseline -0.007 -21"><span class='ocrx_word' id='word_1_66' title='bbox 921 1537 1115 1602; x_wconf 86' lang='lat' dir='ltr'><strong>offensiones</strong></span> <span class='ocrx_word' id='word_1_67' title='bbox 1137 1558 1267 1623; x_wconf 85' lang='lat' dir='ltr'><strong>semper</strong></span> <span class='ocrx_word' id='word_1_68' title='bbox 1282 1536 1466 1622; x_wconf 86' lang='lat' dir='ltr'><strong>despicere.</strong></span> 
     </span>
     <span class='ocr_line' id='line_1_13' title="bbox 397 1636 1287 1720; baseline -0.002 -16"><span class='ocrx_word' id='word_1_69' title='bbox 397 1637 485 1704; x_wconf 90' lang='lat' dir='ltr'><strong>Male</strong></span> <span class='ocrx_word' id='word_1_70' title='bbox 506 1637 642 1704; x_wconf 90' lang='lat' dir='ltr'><strong>habebit</strong></span> <span class='ocrx_word' id='word_1_71' title='bbox 664 1637 821 1720; x_wconf 85' lang='lat' dir='ltr'><strong>medicus,</strong></span> <span class='ocrx_word' id='word_1_72' title='bbox 844 1660 939 1702; x_wconf 91' lang='lat' dir='ltr'><strong>nemo</strong></span> <span class='ocrx_word' id='word_1_73' title='bbox 963 1639 990 1702; x_wconf 90' lang='lat' dir='ltr'><strong>si</strong></span> <span class='ocrx_word' id='word_1_74' title='bbox 1013 1636 1098 1701; x_wconf 87' lang='lat' dir='ltr'><strong>male</strong></span> <span class='ocrx_word' id='word_1_75' title='bbox 1120 1637 1287 1704; x_wconf 89' lang='lat' dir='ltr'><strong>habuerit.</strong></span> 
     </span>
     <span class='ocr_line' id='line_1_14' title="bbox 398 1739 1140 1827; baseline -0.001 -22"><span class='ocrx_word' id='word_1_76' title='bbox 398 1739 486 1806; x_wconf 89' lang='lat' dir='ltr'><strong>Male</strong></span> <span class='ocrx_word' id='word_1_77' title='bbox 508 1741 602 1805; x_wconf 87' lang='lat' dir='ltr'><strong>vivet</strong></span> <span class='ocrx_word' id='word_1_78' title='bbox 624 1741 773 1827; x_wconf 91' lang='lat' dir='ltr'><strong>quisquis</strong></span> <span class='ocrx_word' id='word_1_79' title='bbox 796 1742 920 1804; x_wconf 84' lang='lat' dir='ltr'><strong>nesciet</strong></span> <span class='ocrx_word' id='word_1_80' title='bbox 941 1741 1024 1803; x_wconf 90' lang='lat' dir='ltr'><strong>mori</strong></span> <span class='ocrx_word' id='word_1_81' title='bbox 1045 1739 1140 1804; x_wconf 89' lang='lat' dir='ltr'><strong>bene.</strong></span> 
     </span>
     <span class='ocr_line' id='line_1_15' title="bbox 398 1841 926 1929; baseline -0.002 -22"><span class='ocrx_word' id='word_1_82' title='bbox 398 1843 497 1908; x_wconf 91' lang='lat' dir='ltr'><strong>Malis</strong></span> <span class='ocrx_word' id='word_1_83' title='bbox 520 1841 694 1929; x_wconf 81' lang='lat' dir='ltr'><strong>displicere</strong></span> <span class='ocrx_word' id='word_1_84' title='bbox 716 1841 845 1906; x_wconf 89' lang='lat' dir='ltr'><strong>laudari</strong></span> <span class='ocrx_word' id='word_1_85' title='bbox 867 1851 926 1906; x_wconf 94' lang='lat' dir='ltr'><strong>est.</strong></span> 
     </span>
     <span class='ocr_line' id='line_1_16' title="bbox 315 1942 1254 2030; baseline -0.003 -21"><span class='ocrx_word' id='word_1_86' title='bbox 315 1952 375 2011; x_wconf 82' lang='lat'><strong>195</strong></span> <span class='ocrx_word' id='word_1_87' title='bbox 398 1946 485 2010; x_wconf 86' lang='lat' dir='ltr'><strong>Malo</strong></span> <span class='ocrx_word' id='word_1_88' title='bbox 507 1946 595 2008; x_wconf 87' lang='lat' dir='ltr'><strong>veris</strong></span> <span class='ocrx_word' id='word_1_89' title='bbox 619 1943 782 2009; x_wconf 88' lang='lat' dir='ltr'><strong>offendere</strong></span> <span class='ocrx_word' id='word_1_90' title='bbox 805 1966 904 2030; x_wconf 91' lang='lat' dir='ltr'><strong>quam</strong></span> <span class='ocrx_word' id='word_1_91' title='bbox 926 1943 1055 2030; x_wconf 90' lang='lat' dir='ltr'><strong>placere</strong></span> <span class='ocrx_word' id='word_1_92' title='bbox 1077 1942 1254 2009; x_wconf 78' lang='lat' dir='ltr'><strong>adulando</strong></span> 
     </span>
     <span class='ocr_line' id='line_1_17' title="bbox 398 2044 1195 2130; baseline -0.001 -19"><span class='ocrx_word' id='word_1_93' title='bbox 398 2047 522 2111; x_wconf 90' lang='lat' dir='ltr'><strong>Malum</strong></span> <span class='ocrx_word' id='word_1_94' title='bbox 543 2044 687 2108; x_wconf 87' lang='lat' dir='ltr'><strong>alienum</strong></span> <span class='ocrx_word' id='word_1_95' title='bbox 709 2056 801 2110; x_wconf 90' lang='lat' dir='ltr'><strong>tuum</strong></span> <span class='ocrx_word' id='word_1_96' title='bbox 824 2067 865 2108; x_wconf 92' lang='lat' dir='ltr'><strong>ne</strong></span> <span class='ocrx_word' id='word_1_97' title='bbox 886 2045 1005 2109; x_wconf 90' lang='lat' dir='ltr'><strong>feceris</strong></span> <span class='ocrx_word' id='word_1_98' title='bbox 1027 2046 1195 2130; x_wconf 88' lang='lat' dir='ltr'><strong>gaudium.</strong></span> 
     </span>
     <span class='ocr_line' id='line_1_18' title="bbox 398 2133 1201 2234; baseline -0.004 -21"><span class='ocrx_word' id='word_1_99' title='bbox 398 2148 524 2213; x_wconf 89' lang='lat' dir='ltr'><strong>Malum</strong></span> <span class='ocrx_word' id='word_1_100' title='bbox 546 2147 717 2212; x_wconf 90' lang='lat' dir='ltr'><strong>consilium</strong></span> <span class='ocrx_word' id='word_1_101' title='bbox 740 2146 918 2211; x_wconf 91' lang='lat' dir='ltr'><strong>consultori</strong></span> <span class='ocrx_word' id='word_1_102' title='bbox 940 2133 1118 2234; x_wconf 90' lang='lat' dir='ltr'><strong>pessimum</strong></span> <span class='ocrx_word' id='word_1_103' title='bbox 1142 2158 1201 2213; x_wconf 87' lang='lat' dir='ltr'><strong>est.</strong></span> 
     </span>
     <span class='ocr_line' id='line_1_19' title="bbox 399 2247 1156 2332; baseline 0 -18"><span class='ocrx_word' id='word_1_104' title='bbox 399 2250 586 2314; x_wconf 86' lang='lat' dir='ltr'><strong>Maritimus</strong></span> <span class='ocrx_word' id='word_1_105' title='bbox 599 2247 683 2314; x_wconf 56' lang='lat' dir='ltr'><strong>&#39;cum</strong></span> <span class='ocrx_word' id='word_1_106' title='bbox 706 2250 762 2332; x_wconf 85' lang='lat' dir='ltr'><strong>sis,</strong></span> <span class='ocrx_word' id='word_1_107' title='bbox 785 2249 856 2319; x_wconf 88' lang='lat' dir='ltr'><strong>fieri</strong></span> <span class='ocrx_word' id='word_1_108' title='bbox 877 2251 1041 2314; x_wconf 88' lang='lat' dir='ltr'><strong>terrestris</strong></span> <span class='ocrx_word' id='word_1_109' title='bbox 1065 2271 1156 2314; x_wconf 87' lang='lat' dir='ltr'><strong>cave.</strong></span> 
     </span>
     <span class='ocr_line' id='line_1_20' title="bbox 399 2349 1071 2431; baseline 0.001 -16"><span class='ocrx_word' id='word_1_110' title='bbox 399 2352 582 2416; x_wconf 88' lang='lat' dir='ltr'><strong>Maximum</strong></span> <span class='ocrx_word' id='word_1_111' title='bbox 604 2349 785 2415; x_wconf 90' lang='lat' dir='ltr'><strong>remedium</strong></span> <span class='ocrx_word' id='word_1_112' title='bbox 807 2352 875 2414; x_wconf 90' lang='lat' dir='ltr'><strong>irae</strong></span> <span class='ocrx_word' id='word_1_113' title='bbox 898 2374 989 2431; x_wconf 80' lang='lat' dir='ltr'><strong>mora</strong></span> <span class='ocrx_word' id='word_1_114' title='bbox 1012 2362 1071 2416; x_wconf 88' lang='lat' dir='ltr'><strong>est.</strong></span> 
     </span>
     <span class='ocr_line' id='line_1_21' title="bbox 318 2453 1114 2541; baseline 0.005 -25"><span class='ocrx_word' id='word_1_115' title='bbox 318 2459 380 2518; x_wconf 93' lang='grc'><strong>200</strong></span> <span class='ocrx_word' id='word_1_116' title='bbox 401 2454 496 2518; x_wconf 84' lang='grc' dir='ltr'><strong>Μ555</strong></span> <span class='ocrx_word' id='word_1_117' title='bbox 519 2455 709 2541; x_wconf 88' lang='lat' dir='ltr'><strong>incorrupta</strong></span> <span class='ocrx_word' id='word_1_118' title='bbox 730 2453 864 2517; x_wconf 90' lang='lat' dir='ltr'><strong>miseria</strong></span> <span class='ocrx_word' id='word_1_119' title='bbox 886 2458 1114 2541; x_wconf 88' lang='lat' dir='ltr'><strong>corrumpitur.</strong></span> 
     </span>
     <span class='ocr_line' id='line_1_22' title="bbox 400 2556 1454 2642; baseline 0.001 -23"><span class='ocrx_word' id='word_1_120' title='bbox 400 2556 538 2620; x_wconf 91' lang='lat' dir='ltr'><strong>Minime</strong></span> <span class='ocrx_word' id='word_1_121' title='bbox 559 2556 683 2619; x_wconf 90' lang='lat' dir='ltr'><strong>amicus</strong></span> <span class='ocrx_word' id='word_1_122' title='bbox 707 2577 790 2638; x_wconf 85' lang='lat' dir='ltr'><strong>sum,</strong></span> <span class='ocrx_word' id='word_1_123' title='bbox 813 2556 962 2620; x_wconf 87' lang='lat' dir='ltr'><strong>fortunae</strong></span> <span class='ocrx_word' id='word_1_124' title='bbox 984 2557 1149 2642; x_wconf 87' lang='lat' dir='ltr'><strong>particeps</strong></span> <span class='ocrx_word' id='word_1_125' title='bbox 1171 2556 1238 2619; x_wconf 91' lang='lat' dir='ltr'><strong>nisi</strong></span> <span class='ocrx_word' id='word_1_126' title='bbox 1261 2556 1327 2621; x_wconf 85' lang='lat' dir='ltr'><strong>sim</strong></span> <span class='ocrx_word' id='word_1_127' title='bbox 1351 2578 1454 2620; x_wconf 88' lang='lat' dir='ltr'><strong>meae.</strong></span> 
     </span>
    </p>
   </div>
   <div class='ocr_carea' id='block_1_3' title="bbox 313 2656 1471 3155">
    <p class='ocr_par' dir='ltr' id='par_1_3' title="bbox 313 2656 1471 3155">
     <span class='ocr_line' id='line_1_23' title="bbox 400 2656 1470 2747; baseline 0.002 -26"><span class='ocrx_word' id='word_1_128' title='bbox 400 2659 575 2722; x_wconf 92' lang='lat' dir='ltr'><strong>Minimum</strong></span> <span class='ocrx_word' id='word_1_129' title='bbox 597 2658 694 2741; x_wconf 87' lang='lat' dir='ltr'><strong>vivit,</strong></span> <span class='ocrx_word' id='word_1_130' title='bbox 719 2658 775 2743; x_wconf 91' lang='lat' dir='ltr'><strong>qui</strong></span> <span class='ocrx_word' id='word_1_131' title='bbox 796 2656 843 2720; x_wconf 92' lang='lat' dir='ltr'><strong>nil</strong></span> <span class='ocrx_word' id='word_1_132' title='bbox 866 2680 963 2746; x_wconf 88' lang='lat' dir='ltr'><strong>quam</strong></span> <span class='ocrx_word' id='word_1_133' title='bbox 986 2660 1089 2722; x_wconf 82' lang='lat' dir='ltr'><strong>vitam</strong></span> <span class='ocrx_word' id='word_1_134' title='bbox 1111 2660 1246 2743; x_wconf 86' lang='lat' dir='ltr'><strong>cogitat.</strong></span> <span class='ocrx_word' id='word_1_135' title='bbox 1375 2659 1470 2747; x_wconf 85' lang='lat' dir='ltr'><strong>[rum.</strong></span> 
     </span>
     <span class='ocr_line' id='line_1_24' title="bbox 402 2759 1471 2848; baseline 0.003 -26"><span class='ocrx_word' id='word_1_136' title='bbox 402 2759 524 2847; x_wconf 91' lang='lat' dir='ltr'><strong>Misera</strong></span> <span class='ocrx_word' id='word_1_137' title='bbox 540 2770 590 2824; x_wconf 90' lang='lat' dir='ltr'><strong>est</strong></span> <span class='ocrx_word' id='word_1_138' title='bbox 605 2759 778 2845; x_wconf 90' lang='lat' dir='ltr'><strong>aegritudo</strong></span> <span class='ocrx_word' id='word_1_139' title='bbox 793 2760 894 2823; x_wconf 90' lang='lat' dir='ltr'><strong>animi</strong></span> <span class='ocrx_word' id='word_1_140' title='bbox 910 2760 951 2825; x_wconf 93' lang='lat' dir='ltr'><strong>ob</strong></span> <span class='ocrx_word' id='word_1_141' title='bbox 966 2760 1146 2825; x_wconf 89' lang='lat' dir='ltr'><strong>alienarum</strong></span> <span class='ocrx_word' id='word_1_142' title='bbox 1161 2763 1307 2848; x_wconf 88' lang='lat' dir='ltr'><strong>speciem</strong></span> <span class='ocrx_word' id='word_1_143' title='bbox 1322 2762 1471 2825; x_wconf 86' lang='lat' dir='ltr'><strong>miseria·</strong></span> 
     </span>
     <span class='ocr_line' id='line_1_25' title="bbox 402 2861 1130 2950; baseline 0.004 -26"><span class='ocrx_word' id='word_1_144' title='bbox 402 2861 504 2925; x_wconf 89' lang='lat' dir='ltr'><strong>Miser</strong></span> <span class='ocrx_word' id='word_1_145' title='bbox 528 2861 595 2926; x_wconf 92' lang='lat' dir='ltr'><strong>dici</strong></span> <span class='ocrx_word' id='word_1_146' title='bbox 617 2861 721 2928; x_wconf 91' lang='lat' dir='ltr'><strong>bonus</strong></span> <span class='ocrx_word' id='word_1_147' title='bbox 745 2863 807 2944; x_wconf 85' lang='lat' dir='ltr'><strong>vir,</strong></span> <span class='ocrx_word' id='word_1_148' title='bbox 832 2884 904 2927; x_wconf 88' lang='lat' dir='ltr'><strong>esse</strong></span> <span class='ocrx_word' id='word_1_149' title='bbox 925 2885 991 2927; x_wconf 93' lang='lat' dir='ltr'><strong>non</strong></span> <span class='ocrx_word' id='word_1_150' title='bbox 1012 2872 1130 2950; x_wconf 89' lang='lat' dir='ltr'><strong>potest.</strong></span> 
     </span>
     <span class='ocr_line' id='line_1_26' title="bbox 313 2962 1469 3052; baseline 0.003 -26"><span class='ocrx_word' id='word_1_151' title='bbox 313 2969 381 3028; x_wconf 66' lang='grc'><strong>’205</strong></span> <span class='ocrx_word' id='word_1_152' title='bbox 405 2962 634 3029; x_wconf 89' lang='lat' dir='ltr'><strong>Misericordia</strong></span> <span class='ocrx_word' id='word_1_153' title='bbox 656 2973 706 3029; x_wconf 90' lang='lat' dir='ltr'><strong>est</strong></span> <span class='ocrx_word' id='word_1_154' title='bbox 727 2965 837 3031; x_wconf 86' lang='lat' dir='ltr'><strong>vicina</strong></span> <span class='ocrx_word' id='word_1_155' title='bbox 851 2967 1018 3029; x_wconf 88' lang='lat' dir='ltr'><strong>miseriae:</strong></span> <span class='ocrx_word' id='word_1_156' title='bbox 1041 2964 1141 3030; x_wconf 88' lang='lat' dir='ltr'><strong>habet</strong></span> <span class='ocrx_word' id='word_1_157' title='bbox 1156 2965 1243 3029; x_wconf 90' lang='lat' dir='ltr'><strong>enirn</strong></span> <span class='ocrx_word' id='word_1_158' title='bbox 1259 2965 1390 3052; x_wconf 86' lang='lat' dir='ltr'><strong>aliquid</strong></span> <span class='ocrx_word' id='word_1_159' title='bbox 1407 2975 1469 3029; x_wconf 88' lang='lat' dir='ltr'><strong>tra-</strong></span> 
     </span>
     <span class='ocr_line' id='line_1_27' title="bbox 925 3069 1175 3155; baseline -0.004 -23"><span class='ocrx_word' id='word_1_160' title='bbox 925 3069 1040 3155; x_wconf 90' lang='lat' dir='ltr'><strong>hitque</strong></span> <span class='ocrx_word' id='word_1_161' title='bbox 1062 3090 1104 3132; x_wconf 90' lang='lat' dir='ltr'><strong>ex</strong></span> <span class='ocrx_word' id='word_1_162' title='bbox 1127 3089 1175 3131; x_wconf 90' lang='lat' dir='ltr'><strong>ea.</strong></span> 
     </span>
    </p>
   </div>
   <div class='ocr_carea' id='block_1_4' title="bbox 318 3190 520 3199">
    <p class='ocr_par' dir='ltr' id='par_1_4' title="bbox 318 3190 520 3199">
     <span class='ocr_line' id='line_1_28' title="bbox 318 3190 520 3199; baseline -0.005 -1"><span class='ocrx_word' id='word_1_163' title='bbox 318 3190 520 3199; x_wconf 76' lang='lat'><em>—--——-.</em></span> 
     </span>
    </p>
   </div>
   <div class='ocr_carea' id='block_1_5' title="bbox 298 3293 1474 4474">
    <p class='ocr_par' dir='ltr' id='par_1_5' title="bbox 298 3293 1474 4474">
     <span class='ocr_line' id='line_1_29' title="bbox 406 3293 1469 3370; baseline 0.001 -20"><span class='ocrx_word' id='word_1_164' title='bbox 406 3294 464 3351; x_wconf 87' lang='grc'><strong>182</strong></span> <span class='ocrx_word' id='word_1_165' title='bbox 488 3295 537 3351; x_wconf 93' lang='lat' dir='ltr'><strong>Pr.</strong></span> <span class='ocrx_word' id='word_1_166' title='bbox 554 3293 683 3350; x_wconf 80' lang='lat' dir='ltr'><strong>Laberius</strong></span> <span class='ocrx_word' id='word_1_167' title='bbox 699 3313 740 3370; x_wconf 86' lang='lat' dir='ltr'><strong>op.</strong></span> <span class='ocrx_word' id='word_1_168' title='bbox 759 3295 874 3352; x_wconf 84' lang='lat' dir='ltr'><strong>Gellium</strong></span> <span class='ocrx_word' id='word_1_169' title='bbox 891 3297 941 3369; x_wconf 90' lang='grc'><strong>16,</strong></span> <span class='ocrx_word' id='word_1_170' title='bbox 959 3297 976 3369; x_wconf 95' lang='grc'><strong>7</strong></span> <span class='ocrx_word' id='word_1_171' title='bbox 1079 3296 1138 3358; x_wconf 90' lang='grc'><strong>183</strong></span> <span class='ocrx_word' id='word_1_172' title='bbox 1161 3296 1195 3352; x_wconf 85' lang='lat' dir='ltr'><strong>F.</strong></span> <span class='ocrx_word' id='word_1_173' title='bbox 1212 3295 1274 3352; x_wconf 88' lang='lat' dir='ltr'><strong>Seu.</strong></span> <span class='ocrx_word' id='word_1_174' title='bbox 1293 3296 1328 3352; x_wconf 88' lang='lat' dir='ltr'><strong>de</strong></span> <span class='ocrx_word' id='word_1_175' title='bbox 1343 3295 1425 3352; x_wconf 87' lang='lat' dir='ltr'><strong>clem.</strong></span> <span class='ocrx_word' id='word_1_176' title='bbox 1443 3296 1469 3367; x_wconf 91' lang='lat' dir='ltr'><strong>l,</strong></span> 
     </span>
     <span class='ocr_line' id='line_1_30' title="bbox 320 3379 1385 3455; baseline 0.002 -19"><span class='ocrx_word' id='word_1_177' title='bbox 320 3381 348 3452; x_wconf 84' lang='lat'><strong>1,</strong></span> <span class='ocrx_word' id='word_1_178' title='bbox 366 3379 384 3437; x_wconf 91' lang='grc'><strong>8</strong></span> <span class='ocrx_word' id='word_1_179' title='bbox 474 3379 534 3436; x_wconf 89' lang='grc'><strong>184</strong></span> <span class='ocrx_word' id='word_1_180' title='bbox 559 3381 600 3436; x_wconf 82' lang='lat' dir='ltr'><strong>Gr</strong></span> <span class='ocrx_word' id='word_1_181' title='bbox 616 3380 644 3436; x_wconf 94' lang='grc'><strong>2.</strong></span> <span class='ocrx_word' id='word_1_182' title='bbox 662 3380 825 3437; x_wconf 82' lang='grc'><strong>05553515.</strong></span> <span class='ocrx_word' id='word_1_183' title='bbox 842 3381 915 3437; x_wconf 91' lang='lat' dir='ltr'><strong>Mon.</strong></span> <span class='ocrx_word' id='word_1_184' title='bbox 933 3382 983 3455; x_wconf 87' lang='lat'><strong>30,</strong></span> <span class='ocrx_word' id='word_1_185' title='bbox 1001 3382 1030 3454; x_wconf 85' lang='lat'><strong>1,</strong></span> <span class='ocrx_word' id='word_1_186' title='bbox 1046 3400 1093 3455; x_wconf 87' lang='lat' dir='ltr'><strong>pg.</strong></span> <span class='ocrx_word' id='word_1_187' title='bbox 1111 3381 1152 3438; x_wconf 90' lang='grc'><strong>30</strong></span> <span class='ocrx_word' id='word_1_188' title='bbox 1246 3381 1308 3438; x_wconf 88' lang='grc'><strong>185</strong></span> <span class='ocrx_word' id='word_1_189' title='bbox 1333 3383 1385 3438; x_wconf 83' lang='lat' dir='ltr'><strong>Go.</strong></span> 
     </span>
     <span class='ocr_line' id='line_1_31' title="bbox 319 3460 1468 3541; baseline 0.001 -21"><span class='ocrx_word' id='word_1_190' title='bbox 319 3466 378 3522; x_wconf 91' lang='grc'><strong>186</strong></span> <span class='ocrx_word' id='word_1_191' title='bbox 404 3466 456 3522; x_wconf 87' lang='lat' dir='ltr'><strong>Bo.</strong></span> <span class='ocrx_word' id='word_1_192' title='bbox 474 3463 511 3520; x_wconf 80' lang='lat' dir='ltr'><strong>Er</strong></span> <span class='ocrx_word' id='word_1_193' title='bbox 527 3466 671 3540; x_wconf 87' lang='lat' dir='ltr'><strong>proverbio</strong></span> <span class='ocrx_word' id='word_1_194' title='bbox 688 3482 785 3540; x_wconf 82' lang='lat' dir='ltr'><strong>graeco</strong></span> <span class='ocrx_word' id='word_1_195' title='bbox 802 3465 903 3522; x_wconf 83' lang='lat' dir='ltr'><strong>Ernsm.</strong></span> <span class='ocrx_word' id='word_1_196' title='bbox 921 3467 1005 3541; x_wconf 82' lang='lat' dir='ltr'><strong>Adag.</strong></span> <span class='ocrx_word' id='word_1_197' title='bbox 1022 3460 1052 3539; x_wconf 85' lang='lat'><strong>3,</strong></span> <span class='ocrx_word' id='word_1_198' title='bbox 1069 3466 1098 3538; x_wconf 92' lang='grc'><strong>3,</strong></span> <span class='ocrx_word' id='word_1_199' title='bbox 1115 3466 1154 3522; x_wconf 88' lang='grc'><strong>36</strong></span> <span class='ocrx_word' id='word_1_200' title='bbox 1244 3466 1305 3522; x_wconf 89' lang='grc'><strong>187</strong></span> <span class='ocrx_word' id='word_1_201' title='bbox 1328 3467 1379 3523; x_wconf 93' lang='lat' dir='ltr'><strong>Pr.</strong></span> <span class='ocrx_word' id='word_1_202' title='bbox 1395 3465 1468 3522; x_wconf 82' lang='lat' dir='ltr'><strong>Caco.</strong></span> 
     </span>
     <span class='ocr_line' id='line_1_32' title="bbox 317 3550 1469 3625; baseline 0.002 -21"><span class='ocrx_word' id='word_1_203' title='bbox 317 3550 389 3606; x_wconf 72' lang='lat' dir='ltr'><strong>Balla.</strong></span> <span class='ocrx_word' id='word_1_204' title='bbox 403 3551 475 3606; x_wconf 89' lang='lat' dir='ltr'><strong>Mon.</strong></span> <span class='ocrx_word' id='word_1_205' title='bbox 488 3550 539 3624; x_wconf 88' lang='grc'><strong>48,</strong></span> <span class='ocrx_word' id='word_1_206' title='bbox 553 3552 582 3623; x_wconf 88' lang='grc'><strong>3,</strong></span> <span class='ocrx_word' id='word_1_207' title='bbox 599 3570 644 3625; x_wconf 87' lang='lat' dir='ltr'><strong>pg.</strong></span> <span class='ocrx_word' id='word_1_208' title='bbox 658 3551 709 3623; x_wconf 88' lang='grc'><strong>34,</strong></span> <span class='ocrx_word' id='word_1_209' title='bbox 725 3551 799 3607; x_wconf 80' lang='lat' dir='ltr'><strong>Sext.</strong></span> <span class='ocrx_word' id='word_1_210' title='bbox 812 3551 926 3625; x_wconf 79' lang='lat' dir='ltr'><strong>Pythug.</strong></span> <span class='ocrx_word' id='word_1_211' title='bbox 941 3560 1011 3607; x_wconf 88' lang='lat' dir='ltr'><strong>sem.</strong></span> <span class='ocrx_word' id='word_1_212' title='bbox 1026 3551 1065 3608; x_wconf 95' lang='grc'><strong>74</strong></span> <span class='ocrx_word' id='word_1_213' title='bbox 1081 3568 1141 3606; x_wconf 92' lang='lat' dir='ltr'><strong>cum</strong></span> <span class='ocrx_word' id='word_1_214' title='bbox 1157 3550 1250 3606; x_wconf 83' lang='lat' dir='ltr'><strong>adnot.</strong></span> <span class='ocrx_word' id='word_1_215' title='bbox 1262 3551 1356 3607; x_wconf 83' lang='grc'><strong>0551111</strong></span> <span class='ocrx_word' id='word_1_216' title='bbox 1373 3569 1469 3625; x_wconf 86' lang='lat' dir='ltr'><strong>opusc.</strong></span> 
     </span>
     <span class='ocr_line' id='line_1_33' title="bbox 318 3634 1469 3710; baseline -0.001 -19"><span class='ocrx_word' id='word_1_217' title='bbox 318 3653 386 3692; x_wconf 89' lang='lat' dir='ltr'><strong>mor.</strong></span> <span class='ocrx_word' id='word_1_218' title='bbox 405 3637 433 3709; x_wconf 86' lang='lat'><strong>1,</strong></span> <span class='ocrx_word' id='word_1_219' title='bbox 451 3636 509 3693; x_wconf 83' lang='lat'><strong>581</strong></span> <span class='ocrx_word' id='word_1_220' title='bbox 528 3646 596 3692; x_wconf 84' lang='lat' dir='ltr'><strong>extr.</strong></span> <span class='ocrx_word' id='word_1_221' title='bbox 679 3636 738 3693; x_wconf 88' lang='lat'><strong>188</strong></span> <span class='ocrx_word' id='word_1_222' title='bbox 763 3638 811 3693; x_wconf 84' lang='lat' dir='ltr'><strong>Gr.</strong></span> <span class='ocrx_word' id='word_1_223' title='bbox 829 3636 903 3696; x_wconf 79' lang='grc'><strong>0555.</strong></span> <span class='ocrx_word' id='word_1_224' title='bbox 920 3636 990 3692; x_wconf 77' lang='grc'><strong>3511).</strong></span> <span class='ocrx_word' id='word_1_225' title='bbox 1007 3637 1067 3692; x_wconf 84' lang='lat' dir='ltr'><strong>Par.</strong></span> <span class='ocrx_word' id='word_1_226' title='bbox 1085 3635 1137 3706; x_wconf 88' lang='grc'><strong>25,</strong></span> <span class='ocrx_word' id='word_1_227' title='bbox 1152 3652 1199 3710; x_wconf 80' lang='lat' dir='ltr'><strong>pg.</strong></span> <span class='ocrx_word' id='word_1_228' title='bbox 1216 3634 1258 3692; x_wconf 91' lang='grc'><strong>40</strong></span> <span class='ocrx_word' id='word_1_229' title='bbox 1333 3637 1396 3693; x_wconf 87' lang='grc'><strong>189</strong></span> <span class='ocrx_word' id='word_1_230' title='bbox 1420 3637 1469 3691; x_wconf 88' lang='lat' dir='ltr'><strong>Pr.</strong></span> 
     </span>
     <span class='ocr_line' id='line_1_34' title="bbox 405 3720 1469 3795; baseline 0 -19"><span class='ocrx_word' id='word_1_231' title='bbox 405 3722 466 3778; x_wconf 88' lang='grc'><strong>190</strong></span> <span class='ocrx_word' id='word_1_232' title='bbox 489 3723 537 3778; x_wconf 84' lang='lat' dir='ltr'><strong>Ge.</strong></span> <span class='ocrx_word' id='word_1_233' title='bbox 555 3721 617 3776; x_wconf 85' lang='lat' dir='ltr'><strong>Seu.</strong></span> <span class='ocrx_word' id='word_1_234' title='bbox 635 3721 668 3776; x_wconf 90' lang='lat' dir='ltr'><strong>de</strong></span> <span class='ocrx_word' id='word_1_235' title='bbox 684 3721 761 3777; x_wconf 86' lang='lat' dir='ltr'><strong>clem.</strong></span> <span class='ocrx_word' id='word_1_236' title='bbox 780 3724 808 3794; x_wconf 86' lang='lat'><strong>1,</strong></span> <span class='ocrx_word' id='word_1_237' title='bbox 826 3721 856 3795; x_wconf 84' lang='lat'><strong>5,</strong></span> <span class='ocrx_word' id='word_1_238' title='bbox 873 3722 891 3777; x_wconf 90' lang='grc'><strong>5</strong></span> <span class='ocrx_word' id='word_1_239' title='bbox 977 3722 1034 3780; x_wconf 89' lang='grc'><strong>191</strong></span> <span class='ocrx_word' id='word_1_240' title='bbox 1061 3721 1110 3778; x_wconf 85' lang='lat' dir='ltr'><strong>Go.</strong></span> <span class='ocrx_word' id='word_1_241' title='bbox 1127 3721 1190 3776; x_wconf 84' lang='lat' dir='ltr'><strong>Seu.</strong></span> <span class='ocrx_word' id='word_1_242' title='bbox 1208 3721 1241 3776; x_wconf 89' lang='lat' dir='ltr'><strong>de</strong></span> <span class='ocrx_word' id='word_1_243' title='bbox 1257 3720 1336 3776; x_wconf 88' lang='lat' dir='ltr'><strong>clem.</strong></span> <span class='ocrx_word' id='word_1_244' title='bbox 1356 3723 1388 3792; x_wconf 80' lang='lat'><strong>1,</strong></span> <span class='ocrx_word' id='word_1_245' title='bbox 1406 3721 1469 3795; x_wconf 83' lang='lat'><strong>5,5</strong></span> 
     </span>
     <span class='ocr_line' id='line_1_35' title="bbox 404 3805 1469 3880; baseline 0.002 -20"><span class='ocrx_word' id='word_1_246' title='bbox 404 3806 463 3862; x_wconf 87' lang='grc'><strong>192</strong></span> <span class='ocrx_word' id='word_1_247' title='bbox 487 3807 541 3861; x_wconf 84' lang='grc' dir='ltr'><strong>Βο.</strong></span> <span class='ocrx_word' id='word_1_248' title='bbox 557 3805 700 3861; x_wconf 88' lang='lat' dir='ltr'><strong>Philemon</strong></span> <span class='ocrx_word' id='word_1_249' title='bbox 715 3806 796 3878; x_wconf 84' lang='lat' dir='ltr'><strong>lrgm.</strong></span> <span class='ocrx_word' id='word_1_250' title='bbox 815 3806 853 3861; x_wconf 88' lang='grc'><strong>12</strong></span> <span class='ocrx_word' id='word_1_251' title='bbox 948 3807 1008 3864; x_wconf 91' lang='grc'><strong>193</strong></span> <span class='ocrx_word' id='word_1_252' title='bbox 1032 3805 1161 3880; x_wconf 79' lang='lat' dir='ltr'><strong>Scaliger.</strong></span> <span class='ocrx_word' id='word_1_253' title='bbox 1186 3805 1250 3864; x_wconf 87' lang='lat' dir='ltr'><strong>Seu.</strong></span> <span class='ocrx_word' id='word_1_254' title='bbox 1267 3805 1302 3861; x_wconf 89' lang='lat' dir='ltr'><strong>de</strong></span> <span class='ocrx_word' id='word_1_255' title='bbox 1318 3814 1411 3880; x_wconf 80' lang='lat' dir='ltr'><strong>tranq.</strong></span> <span class='ocrx_word' id='word_1_256' title='bbox 1427 3824 1469 3862; x_wconf 88' lang='grc'><strong>55.</strong></span> 
     </span>
     <span class='ocr_line' id='line_1_36' title="bbox 320 3888 1400 3963; baseline 0.001 -18"><span class='ocrx_word' id='word_1_257' title='bbox 320 3889 371 3962; x_wconf 85' lang='lat'><strong>11,</strong></span> <span class='ocrx_word' id='word_1_258' title='bbox 387 3888 407 3944; x_wconf 85' lang='lat'>4</span> <span class='ocrx_word' id='word_1_259' title='bbox 495 3888 555 3947; x_wconf 90' lang='grc'><strong>194</strong></span> <span class='ocrx_word' id='word_1_260' title='bbox 580 3891 629 3946; x_wconf 83' lang='lat' dir='ltr'><strong>Go.</strong></span> <span class='ocrx_word' id='word_1_261' title='bbox 646 3890 683 3945; x_wconf 83' lang='lat' dir='ltr'><strong>lle</strong></span> <span class='ocrx_word' id='word_1_262' title='bbox 698 3908 766 3946; x_wconf 87' lang='lat' dir='ltr'><strong>mor.</strong></span> <span class='ocrx_word' id='word_1_263' title='bbox 784 3889 825 3948; x_wconf 90' lang='grc'><strong>40</strong></span> <span class='ocrx_word' id='word_1_264' title='bbox 906 3891 965 3950; x_wconf 91' lang='grc'><strong>195</strong></span> <span class='ocrx_word' id='word_1_265' title='bbox 988 3893 1041 3948; x_wconf 82' lang='lat' dir='ltr'><strong>Pu.</strong></span> <span class='ocrx_word' id='word_1_266' title='bbox 1059 3891 1122 3948; x_wconf 86' lang='lat' dir='ltr'><strong>Seu.</strong></span> <span class='ocrx_word' id='word_1_267' title='bbox 1140 3891 1172 3946; x_wconf 91' lang='lat' dir='ltr'><strong>de</strong></span> <span class='ocrx_word' id='word_1_268' title='bbox 1188 3891 1266 3947; x_wconf 87' lang='lat' dir='ltr'><strong>clem.</strong></span> <span class='ocrx_word' id='word_1_269' title='bbox 1284 3889 1315 3962; x_wconf 89' lang='grc'><strong>2,</strong></span> <span class='ocrx_word' id='word_1_270' title='bbox 1332 3890 1363 3963; x_wconf 89' lang='grc'><strong>2,</strong></span> <span class='ocrx_word' id='word_1_271' title='bbox 1381 3891 1400 3946; x_wconf 93' lang='grc'><strong>2</strong></span> 
     </span>
     <span class='ocr_line' id='line_1_37' title="bbox 320 3973 1470 4051; baseline 0.003 -22"><span class='ocrx_word' id='word_1_272' title='bbox 320 3974 380 4031; x_wconf 89' lang='grc'><strong>196</strong></span> <span class='ocrx_word' id='word_1_273' title='bbox 405 3974 455 4029; x_wconf 82' lang='lat' dir='ltr'><strong>Gr.</strong></span> <span class='ocrx_word' id='word_1_274' title='bbox 471 3973 545 4029; x_wconf 84' lang='lat' dir='ltr'><strong>Caco.</strong></span> <span class='ocrx_word' id='word_1_275' title='bbox 563 3974 636 4031; x_wconf 85' lang='lat' dir='ltr'><strong>Balb.</strong></span> <span class='ocrx_word' id='word_1_276' title='bbox 653 3975 724 4031; x_wconf 90' lang='lat' dir='ltr'><strong>llou.</strong></span> <span class='ocrx_word' id='word_1_277' title='bbox 745 3977 772 4047; x_wconf 89' lang='lat'><strong>1,</strong></span> <span class='ocrx_word' id='word_1_278' title='bbox 790 3976 840 4048; x_wconf 89' lang='grc'><strong>16,</strong></span> <span class='ocrx_word' id='word_1_279' title='bbox 856 3994 903 4051; x_wconf 83' lang='lat' dir='ltr'><strong>pg.</strong></span> <span class='ocrx_word' id='word_1_280' title='bbox 922 3976 960 4033; x_wconf 89' lang='lat'><strong>19</strong></span> <span class='ocrx_word' id='word_1_281' title='bbox 1053 3976 1112 4033; x_wconf 92' lang='grc'><strong>197</strong></span> <span class='ocrx_word' id='word_1_282' title='bbox 1136 3977 1184 4032; x_wconf 91' lang='lat' dir='ltr'><strong>Pr.</strong></span> <span class='ocrx_word' id='word_1_283' title='bbox 1201 3976 1285 4032; x_wconf 82' lang='lat' dir='ltr'><strong>Varro</strong></span> <span class='ocrx_word' id='word_1_284' title='bbox 1302 3976 1384 4032; x_wconf 82' lang='lat' dir='ltr'><strong>dere</strong></span> <span class='ocrx_word' id='word_1_285' title='bbox 1400 3985 1470 4032; x_wconf 86' lang='lat' dir='ltr'><strong>rust.</strong></span> 
     </span>
     <span class='ocr_line' id='line_1_38' title="bbox 319 4058 1471 4139; baseline 0.002 -23"><span class='ocrx_word' id='word_1_286' title='bbox 319 4058 349 4131; x_wconf 90' lang='grc'><strong>3,</strong></span> <span class='ocrx_word' id='word_1_287' title='bbox 366 4058 394 4114; x_wconf 89' lang='grc'><strong>2.</strong></span> <span class='ocrx_word' id='word_1_288' title='bbox 411 4059 512 4114; x_wconf 88' lang='lat' dir='ltr'><strong>Gellius</strong></span> <span class='ocrx_word' id='word_1_289' title='bbox 528 4058 558 4130; x_wconf 74' lang='lat'><strong>4&#39;,</strong></span> <span class='ocrx_word' id='word_1_290' title='bbox 575 4058 605 4130; x_wconf 90' lang='grc'><strong>5,</strong></span> <span class='ocrx_word' id='word_1_291' title='bbox 623 4061 641 4115; x_wconf 89' lang='grc'><strong>5</strong></span> <span class='ocrx_word' id='word_1_292' title='bbox 740 4060 800 4117; x_wconf 91' lang='grc'><strong>198</strong></span> <span class='ocrx_word' id='word_1_293' title='bbox 824 4063 877 4117; x_wconf 89' lang='lat' dir='ltr'><strong>Bo.</strong></span> <span class='ocrx_word' id='word_1_294' title='bbox 892 4060 994 4139; x_wconf 83' lang='lat' dir='ltr'><strong>Ernsmi</strong></span> <span class='ocrx_word' id='word_1_295' title='bbox 1010 4061 1095 4135; x_wconf 81' lang='lat' dir='ltr'><strong>Adng.</strong></span> <span class='ocrx_word' id='word_1_296' title='bbox 1114 4062 1144 4133; x_wconf 89' lang='grc'><strong>3,</strong></span> <span class='ocrx_word' id='word_1_297' title='bbox 1159 4063 1190 4132; x_wconf 88' lang='grc'><strong>5,</strong></span> <span class='ocrx_word' id='word_1_298' title='bbox 1207 4062 1245 4116; x_wconf 97' lang='grc'><strong>11</strong></span> <span class='ocrx_word' id='word_1_299' title='bbox 1346 4061 1410 4118; x_wconf 90' lang='grc'><strong>199</strong></span> <span class='ocrx_word' id='word_1_300' title='bbox 1434 4063 1471 4118; x_wconf 87' lang='lat' dir='ltr'><strong>R.</strong></span> 
     </span>
     <span class='ocr_line' id='line_1_39' title="bbox 319 4143 1472 4218; baseline 0.003 -18"><span class='ocrx_word' id='word_1_301' title='bbox 319 4144 432 4200; x_wconf 74' lang='lat' dir='ltr'><strong>sende</strong></span> <span class='ocrx_word' id='word_1_302' title='bbox 453 4143 599 4216; x_wconf 81' lang='grc'><strong>1552,29</strong></span> <span class='ocrx_word' id='word_1_303' title='bbox 702 4145 764 4202; x_wconf 90' lang='grc'><strong>200</strong></span> <span class='ocrx_word' id='word_1_304' title='bbox 785 4147 859 4202; x_wconf 68' lang='lat' dir='ltr'><strong>Pr*</strong></span> <span class='ocrx_word' id='word_1_305' title='bbox 936 4145 995 4204; x_wconf 93' lang='grc'><strong>201</strong></span> <span class='ocrx_word' id='word_1_306' title='bbox 1022 4148 1071 4202; x_wconf 84' lang='lat' dir='ltr'><strong>Gr.</strong></span> <span class='ocrx_word' id='word_1_307' title='bbox 1088 4145 1163 4202; x_wconf 84' lang='grc'><strong>0555.</strong></span> <span class='ocrx_word' id='word_1_308' title='bbox 1184 4145 1256 4201; x_wconf 85' lang='lat' dir='ltr'><strong>Balb.</strong></span> <span class='ocrx_word' id='word_1_309' title='bbox 1274 4145 1347 4202; x_wconf 89' lang='lat' dir='ltr'><strong>Mon.</strong></span> <span class='ocrx_word' id='word_1_310' title='bbox 1367 4146 1472 4218; x_wconf 84' lang='lat'>15‚5,</span> 
     </span>
     <span class='ocr_line' id='line_1_40' title="bbox 319 4228 1473 4303; baseline 0 -19"><span class='ocrx_word' id='word_1_311' title='bbox 319 4247 365 4303; x_wconf 85' lang='lat' dir='ltr'><strong>pg.</strong></span> <span class='ocrx_word' id='word_1_312' title='bbox 383 4229 437 4303; x_wconf 77' lang='lat'><strong>243</strong></span> <span class='ocrx_word' id='word_1_313' title='bbox 456 4229 490 4285; x_wconf 85' lang='lat' dir='ltr'><strong>cl.</strong></span> <span class='ocrx_word' id='word_1_314' title='bbox 508 4229 630 4285; x_wconf 76' lang='lat' dir='ltr'><strong>Menand.</strong></span> <span class='ocrx_word' id='word_1_315' title='bbox 647 4228 764 4284; x_wconf 86' lang='lat' dir='ltr'><strong>llonost.</strong></span> <span class='ocrx_word' id='word_1_316' title='bbox 782 4230 852 4288; x_wconf 90' lang='grc'><strong>263.</strong></span> <span class='ocrx_word' id='word_1_317' title='bbox 871 4231 931 4288; x_wconf 89' lang='grc'><strong>673</strong></span> <span class='ocrx_word' id='word_1_318' title='bbox 1025 4230 1085 4296; x_wconf 83' lang='grc'><strong>202</strong></span> <span class='ocrx_word' id='word_1_319' title='bbox 1110 4233 1152 4288; x_wconf 85' lang='lat' dir='ltr'><strong>Gr</strong></span> <span class='ocrx_word' id='word_1_320' title='bbox 1167 4231 1195 4287; x_wconf 94' lang='grc'><strong>2.</strong></span> <span class='ocrx_word' id='word_1_321' title='bbox 1212 4230 1287 4287; x_wconf 83' lang='lat' dir='ltr'><strong>Caco.</strong></span> <span class='ocrx_word' id='word_1_322' title='bbox 1305 4231 1380 4287; x_wconf 82' lang='lat' dir='ltr'><strong>Balb.</strong></span> <span class='ocrx_word' id='word_1_323' title='bbox 1399 4232 1473 4288; x_wconf 86' lang='lat' dir='ltr'><strong>Mon.</strong></span> 
     </span>
     <span class='ocr_line' id='line_1_41' title="bbox 298 4313 1474 4389; baseline 0.004 -21"><span class='ocrx_word' id='word_1_324' title='bbox 298 4315 350 4386; x_wconf 90' lang='lat'><strong>·1,</strong></span> <span class='ocrx_word' id='word_1_325' title='bbox 369 4315 397 4387; x_wconf 93' lang='grc'><strong>7,</strong></span> <span class='ocrx_word' id='word_1_326' title='bbox 412 4332 460 4389; x_wconf 83' lang='lat' dir='ltr'><strong>pg.</strong></span> <span class='ocrx_word' id='word_1_327' title='bbox 480 4314 518 4372; x_wconf 85' lang='lat'><strong>18</strong></span> <span class='ocrx_word' id='word_1_328' title='bbox 620 4313 680 4371; x_wconf 91' lang='grc'><strong>203</strong></span> <span class='ocrx_word' id='word_1_329' title='bbox 705 4315 754 4372; x_wconf 83' lang='lat' dir='ltr'><strong>Go.</strong></span> <span class='ocrx_word' id='word_1_330' title='bbox 772 4315 834 4386; x_wconf 89' lang='lat' dir='ltr'><strong>Sen.</strong></span> <span class='ocrx_word' id='word_1_331' title='bbox 851 4316 885 4371; x_wconf 92' lang='lat' dir='ltr'><strong>de</strong></span> <span class='ocrx_word' id='word_1_332' title='bbox 900 4317 977 4372; x_wconf 87' lang='lat' dir='ltr'><strong>clem.</strong></span> <span class='ocrx_word' id='word_1_333' title='bbox 996 4316 1026 4389; x_wconf 95' lang='grc'><strong>2,</strong></span> <span class='ocrx_word' id='word_1_334' title='bbox 1043 4316 1107 4389; x_wconf 90' lang='grc'><strong>5,4</strong></span> <span class='ocrx_word' id='word_1_335' title='bbox 1206 4316 1268 4374; x_wconf 93' lang='grc'><strong>204</strong></span> <span class='ocrx_word' id='word_1_336' title='bbox 1290 4318 1339 4374; x_wconf 91' lang='lat' dir='ltr'><strong>Pr.</strong></span> <span class='ocrx_word' id='word_1_337' title='bbox 1356 4317 1423 4374; x_wconf 87' lang='lat' dir='ltr'><strong>Seu.</strong></span> <span class='ocrx_word' id='word_1_338' title='bbox 1441 4318 1474 4373; x_wconf 86' lang='lat' dir='ltr'><strong>de</strong></span> 
     </span>
     <span class='ocr_line' id='line_1_42' title="bbox 320 4399 1082 4474; baseline 0.004 -21"><span class='ocrx_word' id='word_1_339' title='bbox 320 4399 425 4470; x_wconf 90' lang='lat' dir='ltr'><strong>provid.</strong></span> <span class='ocrx_word' id='word_1_340' title='bbox 442 4399 472 4471; x_wconf 88' lang='lat'><strong>3,</strong></span> <span class='ocrx_word' id='word_1_341' title='bbox 490 4400 506 4455; x_wconf 86' lang='lat'>1</span> <span class='ocrx_word' id='word_1_342' title='bbox 596 4399 656 4457; x_wconf 90' lang='grc'><strong>205</strong></span> <span class='ocrx_word' id='word_1_343' title='bbox 681 4401 730 4457; x_wconf 83' lang='lat' dir='ltr'><strong>Ge.</strong></span> <span class='ocrx_word' id='word_1_344' title='bbox 747 4400 809 4457; x_wconf 89' lang='lat' dir='ltr'><strong>Seu.</strong></span> <span class='ocrx_word' id='word_1_345' title='bbox 825 4401 859 4456; x_wconf 91' lang='lat' dir='ltr'><strong>de</strong></span> <span class='ocrx_word' id='word_1_346' title='bbox 874 4401 952 4457; x_wconf 88' lang='lat' dir='ltr'><strong>clem.</strong></span> <span class='ocrx_word' id='word_1_347' title='bbox 971 4401 1000 4474; x_wconf 89' lang='grc'><strong>2,</strong></span> <span class='ocrx_word' id='word_1_348' title='bbox 1017 4402 1046 4474; x_wconf 83' lang='lat'><strong>6,</strong></span> <span class='ocrx_word' id='word_1_349' title='bbox 1062 4401 1082 4456; x_wconf 89' lang='grc'><strong>4</strong></span> 
     </span>
    </p>
   </div>
   <div class='ocr_carea' id='block_1_6' title="bbox 0 0 1529 5124">
    <p class='ocr_par' dir='ltr' id='par_1_6' title="bbox 0 0 1529 5124">
     <span class='ocr_line' id='line_1_43' title="bbox 0 0 1529 5124; baseline 0 0"><span class='ocrx_word' id='word_1_350' title='bbox 0 0 1529 5124; x_wconf 95' lang='lat' dir='ltr'><strong> </strong></span> 
     </span>
    </p>
   </div>
  </div>
 </body>
</html>
