3044 5124
301 373 362 436 142
578 347 581 353 ¹
753 388 800 434 rm
823 385 989 434 uomens

320 549 370 606 68.
394 541 572 606 Inhonesta
594 541 734 604 victoria
756 549 806 604 est
829 560 904 603 suos
928 539 1070 602 vincere.

321 651 371 708 69.
396 641 483 708 Satis
507 651 557 708 θεῖ
580 664 758 730 poenarum
779 641 927 729 potuisse
948 641 1068 729 puniri.

320 752 369 810 70.
396 751 444 808 71.
469 744 663 809 Inimicitias
686 744 780 808 tarde
803 743 943 831 suscipe,
966 741 1134 807 moderate
1157 763 1286 827 exerce,
1309 742 1458 809 fideliter

395 846 532 933 depone.

321 956 370 1014 72.
395 957 442 1014 73.
466 949 580 1034 Imago
602 949 704 1013 animi
727 969 832 1012 sermo
856 955 921 1011 est:
946 945 1052 1034 qualis
1074 947 1155 1029 vita,
1179 946 1257 1012 talis
1281 949 1400 1014 oratio.

320 1057 369 1115 74.
392 1051 514 1136 Magna
534 1073 587 1115 res
608 1061 658 1115 est
680 1051 771 1115 vocis
796 1057 827 1114 et
850 1047 975 1114 silentii
996 1059 1302 1134 temperamentum.

324 1159 373 1218 75.
398 1151 464 1232 Qui
486 1174 590 1240 aequo
613 1153 721 1217 animo
744 1148 839 1215 malis
862 1151 1074 1232 immiscetur,
1098 1150 1203 1216 malus
1227 1160 1287 1218 θεῖ.

322 1262 370 1320 76.
394 1254 565 1319 Neminem
600 1256 664 1319 cito
695 1253 899 1336 laudaveris,
934 1253 1097 1317 neminem
1130 1254 1195 1319 cito
1225 1255 1456 1319 accusaveris:

398 1378 526 1443 semper
547 1365 627 1443 puta
649 1366 682 1421 te
704 1378 813 1421 coram
836 1355 900 1420 diis
923 1355 1147 1419 testimonium
1170 1355 1293 1422 dicere.

323 1466 370 1523 77.
394 1459 522 1524 Vitium
546 1468 595 1523 est
618 1459 726 1524 omnia
749 1457 891 1540 credere,
915 1458 1035 1522 vitium
1058 1467 1107 1522 est
1129 1457 1213 1522 nihil
1235 1459 1386 1523 credere.

322 1569 371 1626 78.
396 1561 565 1626 Utendum
589 1569 638 1626 est
661 1560 800 1642 divitiis,
823 1581 889 1624 non
910 1559 1122 1624 abutendum.

321 1671 385 1728 78³.
398 1663 453 1729 Sic
475 1664 563 1746 vive,
587 1672 624 1727 ut
645 1685 706 1727 nec
728 1661 1241 1749 asuperioribus*contemnaris,
1264 1684 1328 1727 nec
1343 1662 1387 1727 ab
1404 1663 1452 1726 in-

398 1765 574 1831 ferioribus
597 1765 753 1829 timearis.

240 1853 242 1857 ’
323 1875 372 1933 79.
398 1865 533 1931 Nullum
555 1869 724 1954 putaveris
748 1867 853 1932 locum
876 1869 946 1931 sine
968 1875 1062 1932 teste.

321 1977 371 2035 80.
395 1969 652 2035 Excusationem
681 1970 772 2034 vitiis
802 1970 870 2035 suis
897 1990 1052 2055 quaerere
1075 1977 1124 2032 est
1146 1970 1256 2033 omnia
1280 1969 1344 2034 deo
1368 1969 1455 2034 dele-

395 2094 485 2156 gare.

323 2175 519 2238 80⁸.Datam
549 2175 652 2239 vitam
680 2174 969 2261 quotienscumque
991 2172 1215 2256 dubitaveris,
1245 2195 1288 2237 an
1319 2174 1364 2239 sit
1393 2174 1455 2237 eri-

396 2275 528 2362 pienda,
552 2280 608 2359 **,
632 2278 783 2363 quoniam
799 2275 877 2341 data
900 2277 984 2363 eripi
1005 2284 1124 2362 potest,
1149 2284 1261 2362 erepta
1275 2275 1376 2340 reddi
1390 2297 1457 2340 non

397 2386 516 2466 potest.

297 2636 429 2716 μέμνησο
445 2635 496 2697 καὶ
512 2629 582 2710 δοὺς
598 2631 753 2700 ἐπιλάθου.
828 2640 867 2698 68
891 2641 1029 2697 inhonesti
1045 2643 1160 2698 codices
1237 2640 1286 2698 70.
1315 2642 1353 2697 71
1380 2642 1454 2699 Sen-

300 2732 416 2786 tentiam
439 2731 616 2785 restituimus
636 2729 676 2784 od
693 2730 779 2799 fidem
802 2728 910 2783 codicis
929 2726 970 2790 P,-
994 2727 1034 2799 G,
1057 2726 1080 2782 S
1100 2733 1127 2782 77
1150 2728 1275 2783 editores
1296 2726 1454 2782 Inimicitias

299 2814 379 2872 tarde
394 2814 513 2886 suscipe,
529 2814 656 2869 amicitias
673 2812 811 2868 moderate
827 2827 931 2868 exerce.
978 2770 1114 2867 Vaditotes
1130 2812 1254 2866 similiter
1269 2811 1389 2885 depone

300 2897 350 2954 72.
377 2899 426 2956 73.
450 2898 570 2955 Plenius
589 2900 652 2955 cod
674 2897 827 2972 P,·ln1ego
849 2897 928 2952 enimi
955 2912 1043 2952 sermo
1068 2903 1126 2968 est,
1155 2895 1226 2952 unde
1247 2896 1293 2952 illa
1316 2897 1454 2953 Socratico

301 3000 362 3054 vor,
380 2983 466 3056 qualis
484 2985 614 3054 oratio,t
603 2983 662 3039 tolis
679 2983 783 3039 etvita.
830 2982 898 3039 Sen.
915 2985 998 3054 epist.
1016 2981 1093 3053 114,
1112 2939 1127 3037 l
1145 2981 1230 3055 quod
1246 2981 1319 3055 apud
1335 2981 1453 3038 Graecos

252 3076 255 3082 '
298 3069 326 3123 in
342 3066 514 3141 proverbium
530 3069 628 3140 cessit,
652 3068 713 3124 telis
729 3066 884 3123 hominibus
900 3067 951 3129 fuit
967 3025 1173 3140 oro10,⁷qualis
1189 3067 1264 3121 vita’.
1297 3071 1381 3139 epist.
1402 3067 1452 3138 75,

299 3152 319 3206 4
339 3151 505 3208 ‘Concordet
526 3169 615 3208 sermo
636 3169 697 3208 curn
718 3153 794 3207 vita’.
809 3168 863 3244 ep.
881 3151 937 3225 20,
955 3150 972 3206 2
997 3149 1068 3207 ‘Non
1085 3153 1201 3208 orationi
1217 3151 1452 3208 viudissnniet.

301 3237 397 3294 877777.
414 3238 549 3332 Hermcp.
572 3236 671 3294 Voti
695 3239 787 3294 chz.
803 3196 998 3310 dlonpdrng
1013 3230 1114 3292 εἰώθει
1130 3230 1242 3310 λέγειν,
1264 3223 1451 3311 οἷοςὸβίος,

297 3318 430 3389 τοιοῦτος
446 3308 462 3376 ὁ
478 3314 573 3396 λόγος.
603 3323 660 3380 Cic.
680 3323 765 3379 Tusc.
783 3321 813 3394 5,
831 3322 880 3394 16,
896 3321 948 3393 47,
965 3322 1053 3379 Solon
1068 3339 1117 3394 up.
1134 3322 1216 3395 Diop.
1232 3322 1333 3378 Lucri.
1352 3323 1382 3393 1,
1400 3322 1451 3393 58,

298 3407 469 3464 Leutscltius
484 3409 523 3465 cd
535 3409 713 3480 Apostoiium
731 3406 781 3480 12,
796 3366 837 3463 42
854 3423 879 3464 7.
967 3401 1035 3483 vita]
1052 3409 1092 3462 vir
1108 3410 1199 3480 vulpe,
1217 3410 1304 3463 7777777
1321 3406 1343 3463 G
1359 3406 1384 3462 S

300 3492 339 3549 74
370 3494 538 3550 Vincentius
553 3492 664 3551 Bellon.
686 3508 765 3566 spec.
781 3511 852 3550 mor.
870 3493 899 3564 3,
917 3493 945 3564 1,
961 3490 981 3546 4
1004 3489 1127 3559 ‘Quidum
1148 3491 1346 3565 philosophus.-
1370 3490 1452 3548 Serva

295 3579 371 3635 ,vocis
387 3585 414 3634 et
429 3578 531 3634 silentii
547 3586 804 3653 temperamentu1n3
827 3586 855 3634 et
870 3578 893 3632 si
907 3576 982 3650 loqui
998 3576 1123 3646 libuerit,
1140 3578 1179 3632 sic
1193 3574 1327 3650 loquaris,
1343 3584 1375 3631 ut
1391 3577 1450 3633 aliis

298 3662 427 3718 libentius
442 3663 570 3720 audieris'
595 3659 645 3738 (cf.
662 3681 755 3735 supro
771 3664 789 3735 3
806 3662 845 3735 9).
935 3662 973 3719 76
997 3678 1104 3736 semper
1120 3669 1173 3718 etc.
1195 3680 1248 3719 om.
1272 3663 1353 3718 codd.
1371 3678 1450 3719 rece.

299 3755 326 3803 et
342 3748 419 3804 editt.
521 3765 611 3805 coram
627 3749 678 3805 diis
693 3750 812 3806 Haase.-
832 3765 892 3804 cum
909 3748 949 3805 his
967 3747 989 3804 G
1006 3747 1028 3804 S
1128 3747 1165 3803 77
1191 3747 1257 3803 Sen.
1275 3750 1359 3819 epist.
1379 3747 1415 3820 3,
1432 3747 1451 3802 4

299 3828 461 3906 ‘Utrumque
483 3834 577 3890 vitium
598 3842 688 3890 estet
710 3833 834 3889 omnibus
856 3831 967 3889 credere
988 3841 1015 3889 et
1036 3830 1123 3887 nulli’.
1213 3831 1266 3888 78θ
1289 3850 1343 3890 cm.
1368 3835 1451 3890 codd.

298 3934 377 3974 recc.
396 3924 423 3974 et
439 3919 516 3974 editt.
534 3918 642 3976 Auson.
667 3918 726 3976 VII
737 3916 809 3990 Sap.
828 3919 857 3991 6,
876 3918 891 3974 1
979 3917 1023 3974 Sic
1044 3918 1102 3972 vive
1122 3924 1151 3972 ut
1167 3921 1267 3990 recepi
1280 3933 1321 3974 777
1335 3917 1400 3974 PS:
1422 3926 1452 3973 ut

300 4003 323 4060 G
388 4019 439 4059 nec
454 4020 468 4058 7
484 4004 641 4061 Erasmus:
664 4021 698 4060 ne
718 4021 734 4060 7
754 4007 822 4061 iibri
906 4003 947 4061 80
969 4005 1153 4076 Refinnimus
1175 4019 1214 4059 777
1235 4004 1296 4059 cod.
1314 4003 1349 4057 P.
1398 4003 1455 4072 Qui

298 4105 330 4146 77
342 4089 409 4161 fcto
425 4090 465 4146 ud
473 4107 573 4162 praua
586 4089 726 4162 facinora
743 4096 874 4147 coactum
891 4104 953 4145 7777
968 4091 1047 4162 dicit,
1063 4092 1157 4145 omniu
1172 4090 1225 4145 deo
1241 4091 1376 4160 imputat,
1393 4093 1412 4145 7.
1426 4106 1450 4146 7.

298 4190 408 4231 omnem
423 4178 539 4248 culpam
554 4177 584 4231 in
599 4176 683 4232 deum
699 4176 822 4248 confert.
860 4175 896 4232 In
913 4179 1018 4232 ceteris
1032 4165 1179 4231 codicibus
1191 4173 1323 4247 fortasse
1339 4178 1453 4231 rectius

299 4264 342 4316 sic
365 4261 433 4333 fere
458 4265 599 4333 scriptum
622 4267 680 4318 est.-
707 4259 914 4317 Excusationern
936 4276 1067 4333 quaerere
1088 4260 1184 4315 vitium
1205 4266 1256 4314 est.
1303 4257 1400 4316 Omnia
1421 4258 1453 4315 ad

298 4345 378 4402 deum
400 4346 539 4420 relinque,
560 4349 617 4403 nisi
635 4348 712 4420 quud
727 4353 794 4419 post
815 4354 857 4402 est
867 4361 926 4418 per
940 4346 1163 4419 dittoprnphicm
1180 4345 1290 4401 addunt
1306 4353 1359 4400 set.
1409 4345 1453 4418 Cf.

299 4430 384 4488 Sexti
397 4438 469 4488 sent.
485 4430 547 4489 374
563 4427 686 4490 ‘Omnem
701 4449 808 4489 causam
823 4431 896 4488 refer
911 4430 943 4486 od
959 4430 1062 4488 deum’.
1122 4430 1178 4488 80Β
1200 4447 1245 4488 cm
1270 4431 1354 4488 codd.
1372 4427 1452 4489 rece.
