3044 5124
351 117 458 164 rursu
479 101 713 166 ruanrnmuas
736 116 927 164 accurras.
1156 103 1215 167 125

154 270 260 335 Homo
283 279 392 333 tacere
415 271 472 357 qui
493 271 609 354 nescit,
632 271 737 336 nescit
759 270 858 357 loqui.
951 290 953 296 ·

154 371 302 436 Honesta
322 372 410 435 fama
432 370 548 437 melior
569 373 707 458 pecunia
729 380 787 436 est.

154 473 302 538 Honesta
324 473 380 537 lex
402 482 453 539 est
474 474 630 561 temporis
653 474 843 538 necessitas.

84 579 134 642 160
154 575 334 640 Honestius
350 585 399 640 cst
415 596 488 658 cum
503 575 702 640 indicaveris
718 597 838 660 amare,
852 597 948 662 quam
963 599 1037 642 cum
1052 578 1214 641 amareris

399 677 555 742 iudicare.
1224 670 1226 672 ’

153 779 297 846 Humilis
321 788 353 844 et
375 780 491 844 inertis
515 789 564 845 est
585 787 658 844 tuta
680 782 808 845 sectari.

154 881 193 945 Id
216 904 304 968 agas,
327 904 369 946 ne
392 881 464 968 quis
487 891 543 946 tuo
565 889 599 946 te
621 883 738 948 merito
761 882 877 947 oderit.

154 984 299 1068 Ignarus
323 984 412 1048 omni
435 992 541 1048 cessat
563 984 667 1048 omnis
690 991 845 1070 tempore.

153 1084 246 1170 Ignis
268 1085 386 1172 probat
408 1107 534 1168 aurum,
557 1086 709 1149 miseriae
731 1085 848 1150 fortem
870 1086 1020 1173 probant.

178 1186 335 1272 Ignoscas
358 1188 432 1253 aliis
455 1186 567 1269 multa,
591 1186 649 1251 sed
671 1187 754 1252 nihil
775 1188 848 1252 tibi.

178 1288 345 1373 ignoscito
368 1311 465 1375 saepe
487 1288 593 1371 alteri,
616 1311 793 1376 numquam
815 1289 888 1354 tibi.

152 1391 267 1476 Imago
288 1392 390 1456 animi
413 1413 519 1455 sermo
543 1399 609 1455 est:
634 1390 740 1478 qualis
764 1401 814 1456 est
834 1392 898 1476 vir,
920 1392 997 1458 talis
1020 1394 1134 1458 oratio.

153 1491 331 1578 Imperium
354 1493 476 1559 habere
498 1493 550 1556 vis
572 1491 751 1577 magnum?
774 1494 898 1579 impera
919 1494 992 1558 tibi.

152 1593 341 1660 Imbecillos
364 1594 473 1660 oculos
498 1617 580 1678 esse,
603 1595 659 1681 qui
681 1594 724 1659 ad
746 1594 886 1660 alienam
901 1595 1131 1683 lippitudinem
1147 1597 1213 1662 suf-

314 1694 316 1697 ’
396 1696 590 1762 funduntur.
793 1778 795 1782 Ι
1101 1704 1103 1709 ’

137 1822 143 1838 ·
154 1799 194 1863 In
204 1798 302 1863 felice
313 1798 456 1864 felicitas
468 1807 517 1863 est
527 1799 724 1881 innocentia,
733 1801 880 1886 nequitia
891 1800 963 1888 ipsa
974 1823 1079 1888 poena
1091 1801 1142 1866 sui
1154 1811 1214 1867 est.

61 1908 130 1966 170
154 1901 194 1965 In
216 1899 376 1966 felicitate
399 1924 434 1966 se
457 1903 583 1987 erigere
606 1909 656 1966 est
677 1900 870 1967 felicitatem
891 1902 1092 1968 submittere.

153 2003 279 2067 Infirmi
301 2004 405 2067 animi
429 2013 478 2069 est
500 2027 566 2069 non
587 2025 684 2090 posse
707 1991 842 2073 divitias
865 2006 944 2090 pati.

152 2104 331 2171 Inhonesta
352 2127 405 2170 res
428 2115 479 2170 est
501 2128 576 2171 suos
599 2107 748 2184 vincere:
772 2108 853 2173 satis
870 2116 920 2173 est
934 2108 1079 2195 potuisse
1094 2109 1213 2194 puniri.

152 2205 192 2271 In
214 2205 262 2270 nil
284 2207 441 2296 sapiendo
463 2209 533 2272 vita
555 2207 792 2273 iucundissima
814 2218 873 2273 est.

152 2307 292 2375 Insanus
315 2311 420 2375 omnis
443 2310 553 2375 furere
576 2310 681 2374 credit
703 2321 837 2376 ceteros.

61 2416 130 2476 175
155 2408 261 2475 Insita
282 2411 378 2477 nobis
400 2413 504 2478 nostri
526 2413 651 2493 caritas
668 2421 717 2477 est
739 2413 894 2500 corporis.

152 2512 193 2577 In
215 2514 392 2580 sterculino
414 2514 589 2600 plurimum
611 2513 716 2600 gallus
739 2524 856 2601 potest.
1063 2594 1066 2599 ι

152 2613 308 2701 Intellige
332 2638 452 2703 ecquae
475 2616 552 2701 sint,
575 2626 611 2682 ut
633 2625 665 2681 et
687 2617 771 2683 bene
792 2638 870 2702 agas
893 2616 989 2681 bona.

151 2716 243 2781 Inter
264 2719 386 2783 amicos
409 2717 574 2782 iudicatur
596 2742 692 2807 quam
716 2720 866 2784 inimicos
887 2718 1068 2786 molestius.

152 2818 192 2883 In
214 2819 389 2906 tranquillo
412 2841 484 2884 esse
507 2821 646 2909 quisque
668 2821 866 2908 gubernator
884 2830 1004 2909 potest.

66 2927 133 2986 180
157 2920 244 2985 Iram
266 2922 322 3009 qui
344 2923 460 3006 vincit,
482 2923 610 2989 hostem
633 2926 767 3010 superat
786 2925 975 2989 maximum.

155 3022 263 3088 Iratus
287 3045 361 3088 cum
382 3022 425 3117 ad
448 3046 482 3089 se
504 3025 615 3108 rediit,
639 3025 704 3090 sibi
725 3034 795 3091 tum
816 3027 978 3093 irascitur.

155 3217 213 3276 157
236 3218 269 3275 F.
286 3218 323 3275 lle
338 3235 407 3276 mor.
425 3219 486 3277 132
574 3220 634 3278 158
659 3221 692 3277 F.
709 3219 757 3277 Est
771 3221 940 3295 paraphrasis
957 3237 1050 3277 versus
1067 3221 1127 3279 217

64 3303 131 3359 159
154 3304 203 3360 Pr.
278 3304 339 3362 160
363 3304 415 3361 Go.
432 3304 494 3361 Sen.
511 3307 591 3378 epist.
609 3304 822 3378 3,2‚·de1nor.
838 3304 878 3362 48
962 3305 1020 3362 161
1045 3305 1213 3365 R.Sen.de

62 3387 278 3461 provid.5,11
368 3389 427 3447 162
452 3391 487 3447 E.
504 3389 538 3446 de
553 3408 621 3447 mor.
639 3391 678 3448 26
767 3390 826 3447 163
849 3390 884 3445 F.
963 3389 1024 3447 164
1047 3392 1135 3448 Grex
1150 3393 1211 3449 eorl.

62 3471 149 3528 Palat.
180 3472 242 3530 Sco.
259 3473 292 3530 de
308 3474 412 3549 provisi.
430 3475 459 3547 5,
478 3476 518 3534 10
619 3474 679 3533 165
702 3476 738 3549 F,
754 3476 802 3531 Pr.
820 3475 856 3531 De
872 3491 940 3530 mor.
959 3474 1030 3547 111,
1046 3475 1122 3532 Caco.
1139 3476 1210 3535 Balb.

62 3555 139 3612 Mon.
158 3557 186 3630 1,
200 3556 231 3630 4,
246 3575 294 3634 pg.
313 3560 363 3632 18,
379 3560 482 3616 huson.
498 3569 603 3634 septem
618 3559 679 3634 Sap.
697 3559 788 3617 Gleoh.
878 3559 938 3617 166
961 3561 1015 3617 Pa.
1033 3561 1068 3617 lle
1083 3578 1152 3618 mor.
1173 3563 1212 3621 73

153 3641 213 3700 167
238 3643 287 3698 Gr.
303 3643 431 3700 Proverh.
451 3643 522 3717 132,
537 3662 619 3719 supra
634 3663 681 3720 pg.
699 3644 757 3700 111
854 3645 914 3702 168
939 3645 989 3702 Go.
1007 3644 1069 3702 Son.
1086 3647 1212 3706 dealem.

64 3725 97 3796 2,
114 3725 179 3798 6,4
282 3729 341 3786 169
366 3729 416 3786 Go.
434 3729 467 3787 de
483 3746 551 3785 mor.
569 3729 618 3788 63.
637 3729 685 3788 64.
791 3730 851 3788 170
875 3731 924 3787 Ge.
941 3730 978 3786 lle
993 3748 1062 3788 mor.
1081 3731 1119 3789 62

66 3811 126 3866 171
151 3812 185 3867 F.
202 3811 264 3868 Son.
282 3815 361 3887 epist.
378 3813 443 3886 5,6
532 3814 591 3872 172
616 3816 666 3873 Go.
683 3815 720 3871 lle
735 3832 803 3871 mor.
822 3815 872 3872 68.
889 3815 938 3873 69.
976 3819 979 3826 '
1018 3817 1078 3874 173
1101 3817 1212 3874 Bolis.

62 3894 174 3970 Proleg.
190 3914 237 3972 pg.
255 3896 312 3954 46·
383 3898 443 3955 174
465 3901 513 3955 Ps.
529 3899 565 3956 lle
581 3890 649 3955 mor.
667 3899 707 3957 35
795 3899 855 3958 175
878 3901 912 3956 F.
994 3900 1054 3958 176
1077 3902 1210 3958 BoSen.

63 3981 172 4054 apocol.
197 3982 226 4055 7,
242 3981 261 4039 3
322 3982 381 4041 177
405 3983 534 4058 Scaliger.
565 3984 641 4042 Sexti
654 3985 768 4060 Pythag.
785 3994 855 4042 scut.
873 4003 887 4041 a
901 3983 998 4042 Rufino
1013 3985 1060 4041 lat.
1077 4003 1155 4044 conv.
1171 3986 1212 4046 49

125 4065 186 4123 178
232 4067 282 4124 Gr.
300 4067 376 4125 Caco.
393 4068 466 4125 Balb.
482 4069 541 4125 Par.
560 4069 611 4142 23,
626 4087 673 4144 pg.
691 4070 731 4128 39
827 4071 887 4128 179
911 4073 966 4126 Βο.
982 4068 1045 4125 Seu.
1063 4072 1141 4145 epist.
1159 4072 1211 4146 85,

61 4149 105 4210 43
176 4151 237 4210 180
258 4153 308 4211 Ps.
325 4154 360 4208 lle
376 4170 444 4210 mor.
461 4154 499 4212 81
590 4154 648 4213 181
675 4155 725 4212 Gr.
742 4154 819 4213 Gaee.
836 4155 909 4212 Balb.
925 4153 1000 4215 Mon.
1015 4154 1044 4228 7,
1060 4157 1090 4229 3,
1106 4175 1153 4232 pg.
1171 4157 1209 4216 21
