<?xml version="1.0" encoding="UTF-8"?>
<!DOCTYPE html PUBLIC "-//W3C//DTD XHTML 1.0 Transitional//EN"
    "http://www.w3.org/TR/xhtml1/DTD/xhtml1-transitional.dtd">
<html xmlns="http://www.w3.org/1999/xhtml" xml:lang="en" lang="en">
 <head>
  <title>
</title>
<meta http-equiv="Content-Type" content="text/html;charset=utf-8" />
  <meta name='ocr-system' content='tesseract 3.04.00' />
  <meta name='ocr-capabilities' content='ocr_page ocr_carea ocr_par ocr_line ocrx_word'/>
</head>
<body>
  <div class='ocr_page' id='page_1' title='image "./publiliisyrisen00wlgoog/publiliisyrisen00wlgoog_0016.png"; bbox 0 0 3014 5116; ppageno 0'>
   <div class='ocr_carea' id='block_1_1' title="bbox 497 394 1210 459">
    <p class='ocr_par' dir='ltr' id='par_1_1' title="bbox 497 394 1210 459">
     <span class='ocr_line' id='line_1_1' title="bbox 497 394 1210 459; baseline 0.007 -5"><span class='ocrx_word' id='word_1_1' title='bbox 497 394 778 457; x_wconf 67' lang='lat' dir='ltr'><strong>raonueorm‘ua.v</strong></span> <span class='ocrx_word' id='word_1_2' title='bbox 1190 398 1210 459; x_wconf 80' lang='lat'>5</span> 
     </span>
    </p>
   </div>
   <div class='ocr_carea' id='block_1_2' title="bbox 14 561 1210 2184">
    <p class='ocr_par' dir='ltr' id='par_1_2' title="bbox 58 561 1207 751">
     <span class='ocr_line' id='line_1_2' title="bbox 58 561 1207 642; baseline 0.002 -17"><span class='ocrx_word' id='word_1_3' title='bbox 58 585 180 626; x_wconf 74' lang='lat' dir='ltr'><strong>semus,</strong></span> <span class='ocrx_word' id='word_1_4' title='bbox 226 561 325 642; x_wconf 76' lang='lat' dir='ltr'><strong>Quod</strong></span> <span class='ocrx_word' id='word_1_5' title='bbox 350 584 444 628; x_wconf 90' lang='lat' dir='ltr'><strong>secus</strong></span> <span class='ocrx_word' id='word_1_6' title='bbox 467 583 501 627; x_wconf 92' lang='lat' dir='ltr'><strong>se</strong></span> <span class='ocrx_word' id='word_1_7' title='bbox 524 563 644 626; x_wconf 91' lang='lat' dir='ltr'><strong>habere</strong></span> <span class='ocrx_word' id='word_1_8' title='bbox 667 563 819 627; x_wconf 90' lang='lat' dir='ltr'><strong>hocloco</strong></span> <span class='ocrx_word' id='word_1_9' title='bbox 842 563 988 627; x_wconf 91' lang='lat' dir='ltr'><strong>breviter</strong></span> <span class='ocrx_word' id='word_1_10' title='bbox 1009 566 1207 628; x_wconf 90' lang='lat' dir='ltr'><strong>monendum</strong></span> 
     </span>
     <span class='ocr_line' id='line_1_3' title="bbox 61 660 890 751; baseline -0.001 -21"><span class='ocrx_word' id='word_1_11' title='bbox 61 666 262 751; x_wconf 91' lang='lat' dir='ltr'><strong>putavimus.</strong></span> <span class='ocrx_word' id='word_1_12' title='bbox 465 665 467 667; x_wconf 69' lang='grc'><strong>’</strong></span> <span class='ocrx_word' id='word_1_13' title='bbox 883 660 890 673; x_wconf 77' lang='grc'><strong><em>’</em></strong></span> 
     </span>
    </p>

    <p class='ocr_par' dir='ltr' id='par_1_3' title="bbox 14 766 1210 2184">
     <span class='ocr_line' id='line_1_4' title="bbox 147 766 1208 855; baseline 0.002 -23"><span class='ocrx_word' id='word_1_14' title='bbox 147 766 212 832; x_wconf 82' lang='lat' dir='ltr'><strong>Sed</strong></span> <span class='ocrx_word' id='word_1_15' title='bbox 234 789 276 830; x_wconf 90' lang='lat' dir='ltr'><strong>ne</strong></span> <span class='ocrx_word' id='word_1_16' title='bbox 297 767 481 831; x_wconf 80' lang='lat' dir='ltr'><strong>accuratius</strong></span> <span class='ocrx_word' id='word_1_17' title='bbox 503 767 757 851; x_wconf 80' lang='lat' dir='ltr'>investigemus,</span> <span class='ocrx_word' id='word_1_18' title='bbox 785 767 872 853; x_wconf 89' lang='lat' dir='ltr'><strong>quod</strong></span> <span class='ocrx_word' id='word_1_19' title='bbox 894 767 993 832; x_wconf 88' lang='lat' dir='ltr'><strong>fuerit</strong></span> <span class='ocrx_word' id='word_1_20' title='bbox 1016 777 1131 855; x_wconf 92' lang='lat' dir='ltr'><strong>poetae</strong></span> <span class='ocrx_word' id='word_1_21' title='bbox 1153 792 1208 834; x_wconf 94' lang='lat' dir='ltr'><strong>no·</strong></span> 
     </span>
     <span class='ocr_line' id='line_1_5' title="bbox 61 868 1210 955; baseline 0.002 -23"><span class='ocrx_word' id='word_1_22' title='bbox 61 891 137 932; x_wconf 92' lang='lat' dir='ltr'><strong>men</strong></span> <span class='ocrx_word' id='word_1_23' title='bbox 159 890 307 955; x_wconf 90' lang='lat' dir='ltr'><strong>quaeque</strong></span> <span class='ocrx_word' id='word_1_24' title='bbox 329 870 399 932; x_wconf 89' lang='lat' dir='ltr'><strong>eius</strong></span> <span class='ocrx_word' id='word_1_25' title='bbox 421 870 538 955; x_wconf 89' lang='lat' dir='ltr'><strong>patria,</strong></span> <span class='ocrx_word' id='word_1_26' title='bbox 563 869 732 933; x_wconf 90' lang='lat' dir='ltr'><strong>videamus</strong></span> <span class='ocrx_word' id='word_1_27' title='bbox 750 891 814 955; x_wconf 93' lang='lat' dir='ltr'><strong>qua</strong></span> <span class='ocrx_word' id='word_1_28' title='bbox 828 870 954 954; x_wconf 83' lang='lat' dir='ltr'><strong>ingenii</strong></span> <span class='ocrx_word' id='word_1_29' title='bbox 969 868 1079 934; x_wconf 89' lang='lat' dir='ltr'><strong>indole</strong></span> <span class='ocrx_word' id='word_1_30' title='bbox 1093 893 1210 935; x_wconf 91' lang='lat' dir='ltr'><strong>nomen</strong></span> 
     </span>
     <span class='ocr_line' id='line_1_6' title="bbox 60 969 1209 1056; baseline 0.003 -22"><span class='ocrx_word' id='word_1_31' title='bbox 60 994 157 1034; x_wconf 89' lang='lat' dir='ltr'><strong>suum</strong></span> <span class='ocrx_word' id='word_1_32' title='bbox 184 969 358 1035; x_wconf 81' lang='lat' dir='ltr'>immortali</span> <span class='ocrx_word' id='word_1_33' title='bbox 387 971 587 1056; x_wconf 79' lang='lat' dir='ltr'><strong>posteritatis</strong></span> <span class='ocrx_word' id='word_1_34' title='bbox 610 972 785 1036; x_wconf 79' lang='lat' dir='ltr'><strong>memoriae</strong></span> <span class='ocrx_word' id='word_1_35' title='bbox 807 971 1096 1036; x_wconf 81' lang='lat' dir='ltr'><strong>commendaverit.</strong></span> <span class='ocrx_word' id='word_1_36' title='bbox 1140 973 1209 1037; x_wconf 88' lang='lat' dir='ltr'><strong>Ma-</strong></span> 
     </span>
     <span class='ocr_line' id='line_1_7' title="bbox 61 1072 1209 1159; baseline 0.003 -23"><span class='ocrx_word' id='word_1_37' title='bbox 61 1072 191 1138; x_wconf 90' lang='lat' dir='ltr'><strong>crobius</strong></span> <span class='ocrx_word' id='word_1_38' title='bbox 220 1074 320 1157; x_wconf 83' lang='lat' dir='ltr'><strong>igitur</strong></span> <span class='ocrx_word' id='word_1_39' title='bbox 348 1072 474 1138; x_wconf 70' lang='lat' dir='ltr'><strong>insat.</strong></span> <span class='ocrx_word' id='word_1_40' title='bbox 497 1073 534 1154; x_wconf 73' lang='grc'><strong>2,</strong></span> <span class='ocrx_word' id='word_1_41' title='bbox 558 1074 592 1154; x_wconf 81' lang='grc'><strong>7,</strong></span> <span class='ocrx_word' id='word_1_42' title='bbox 615 1074 635 1137; x_wconf 91' lang='grc'><strong>6</strong></span> <span class='ocrx_word' id='word_1_43' title='bbox 659 1095 728 1159; x_wconf 91' lang='lat' dir='ltr'><strong>seq.</strong></span> <span class='ocrx_word' id='word_1_44' title='bbox 751 1073 832 1137; x_wconf 89' lang='lat' dir='ltr'><strong>haec</strong></span> <span class='ocrx_word' id='word_1_45' title='bbox 854 1072 1006 1138; x_wconf 85' lang='lat' dir='ltr'><strong>tradidit:</strong></span> <span class='ocrx_word' id='word_1_46' title='bbox 1039 1074 1209 1154; x_wconf 81' lang='lat' dir='ltr'><strong>Publilius,</strong></span> 
     </span>
     <span class='ocr_line' id='line_1_8' title="bbox 60 1175 1207 1258; baseline 0.002 -18"><span class='ocrx_word' id='word_1_47' title='bbox 60 1178 188 1241; x_wconf 76' lang='lat' dir='ltr'><strong>naticae</strong></span> <span class='ocrx_word' id='word_1_48' title='bbox 208 1175 324 1258; x_wconf 73' lang='lat' dir='ltr'><strong>Syrus,</strong></span> <span class='ocrx_word' id='word_1_49' title='bbox 354 1196 424 1239; x_wconf 81' lang='lat' dir='ltr'><strong>curu</strong></span> <span class='ocrx_word' id='word_1_50' title='bbox 442 1197 525 1258; x_wconf 76' lang='lat' dir='ltr'><strong>puer</strong></span> <span class='ocrx_word' id='word_1_51' title='bbox 547 1177 592 1240; x_wconf 83' lang='lat' dir='ltr'><strong>ud</strong></span> <span class='ocrx_word' id='word_1_52' title='bbox 606 1181 782 1257; x_wconf 79' lang='lat' dir='ltr'><strong>patronam</strong></span> <span class='ocrx_word' id='word_1_53' title='bbox 804 1177 925 1239; x_wconf 83' lang='lat' dir='ltr'><strong>domiai</strong></span> <span class='ocrx_word' id='word_1_54' title='bbox 944 1181 1022 1240; x_wconf 86' lang='lat' dir='ltr'><strong>esset</strong></span> <span class='ocrx_word' id='word_1_55' title='bbox 1043 1178 1207 1256; x_wconf 80' lang='lat' dir='ltr'><strong>adductas,</strong></span> 
     </span>
     <span class='ocr_line' id='line_1_9' title="bbox 56 1269 1209 1360; baseline 0.001 -18"><span class='ocrx_word' id='word_1_56' title='bbox 56 1280 233 1359; x_wconf 75' lang='lat' dir='ltr'><strong>promeruit</strong></span> <span class='ocrx_word' id='word_1_57' title='bbox 254 1299 325 1342; x_wconf 71' lang='lat' dir='ltr'><strong>eitra</strong></span> <span class='ocrx_word' id='word_1_58' title='bbox 339 1299 403 1342; x_wconf 80' lang='lat' dir='ltr'><strong>aon</strong></span> <span class='ocrx_word' id='word_1_59' title='bbox 418 1280 525 1342; x_wconf 77' lang='lat' dir='ltr'><strong>ruinas</strong></span> <span class='ocrx_word' id='word_1_60' title='bbox 538 1279 659 1343; x_wconf 82' lang='lat' dir='ltr'><strong>salibus</strong></span> <span class='ocrx_word' id='word_1_61' title='bbox 673 1283 702 1343; x_wconf 89' lang='lat' dir='ltr'><strong>et</strong></span> <span class='ocrx_word' id='word_1_62' title='bbox 715 1273 842 1360; x_wconf 73' lang='lat' dir='ltr'><strong>inperiis</strong></span> <span class='ocrx_word' id='word_1_63' title='bbox 857 1269 954 1359; x_wconf 77' lang='lat' dir='ltr'><strong>quare</strong></span> <span class='ocrx_word' id='word_1_64' title='bbox 967 1277 1083 1358; x_wconf 77' lang='lat' dir='ltr'><strong>formo.</strong></span> <span class='ocrx_word' id='word_1_65' title='bbox 1120 1279 1209 1344; x_wconf 83' lang='lat' dir='ltr'><strong>Num</strong></span> 
     </span>
     <span class='ocr_line' id='line_1_10' title="bbox 57 1379 1208 1462; baseline 0.002 -18"><span class='ocrx_word' id='word_1_66' title='bbox 57 1379 139 1460; x_wconf 78' lang='lat' dir='ltr'><strong>forte</strong></span> <span class='ocrx_word' id='word_1_67' title='bbox 159 1401 229 1444; x_wconf 80' lang='lat' dir='ltr'><strong>eam</strong></span> <span class='ocrx_word' id='word_1_68' title='bbox 251 1381 302 1445; x_wconf 84' lang='lat' dir='ltr'><strong>ille</strong></span> <span class='ocrx_word' id='word_1_69' title='bbox 322 1400 448 1444; x_wconf 82' lang='lat' dir='ltr'><strong>servum</strong></span> <span class='ocrx_word' id='word_1_70' title='bbox 468 1400 562 1444; x_wconf 81' lang='lat' dir='ltr'><strong>saara</strong></span> <span class='ocrx_word' id='word_1_71' title='bbox 582 1381 787 1462; x_wconf 76' lang='lat' dir='ltr'><strong>hydropicum</strong></span> <span class='ocrx_word' id='word_1_72' title='bbox 802 1382 953 1444; x_wconf 79' lang='lat' dir='ltr'><strong>iacentem</strong></span> <span class='ocrx_word' id='word_1_73' title='bbox 967 1381 1003 1445; x_wconf 83' lang='lat' dir='ltr'><strong>ia</strong></span> <span class='ocrx_word' id='word_1_74' title='bbox 1018 1402 1097 1445; x_wconf 80' lang='lat' dir='ltr'><strong>areo</strong></span> <span class='ocrx_word' id='word_1_75' title='bbox 1111 1383 1208 1446; x_wconf 81' lang='lat' dir='ltr'><strong>uidis-</strong></span> 
     </span>
     <span class='ocr_line' id='line_1_11' title="bbox 59 1481 1208 1566; baseline 0.003 -21"><span class='ocrx_word' id='word_1_76' title='bbox 59 1487 103 1546; x_wconf 87' lang='lat' dir='ltr'><strong>set</strong></span> <span class='ocrx_word' id='word_1_77' title='bbox 124 1483 393 1564; x_wconf 72' lang='lat' dir='ltr'><strong>irrerepsissetque,</strong></span> <span class='ocrx_word' id='word_1_78' title='bbox 417 1483 495 1563; x_wconf 73' lang='lat' dir='ltr'><strong>quid</strong></span> <span class='ocrx_word' id='word_1_79' title='bbox 515 1485 551 1546; x_wconf 79' lang='lat' dir='ltr'><strong>iu</strong></span> <span class='ocrx_word' id='word_1_80' title='bbox 572 1483 634 1547; x_wconf 85' lang='lat' dir='ltr'><strong>sole</strong></span> <span class='ocrx_word' id='word_1_81' title='bbox 654 1483 778 1563; x_wconf 81' lang='lat' dir='ltr'><strong>fuceret,</strong></span> <span class='ocrx_word' id='word_1_82' title='bbox 802 1484 966 1566; x_wconf 78' lang='lat' dir='ltr'><strong>respondit</strong></span> <span class='ocrx_word' id='word_1_83' title='bbox 978 1481 1108 1564; x_wconf 79' lang='lat' dir='ltr'><strong>Aquam</strong></span> <span class='ocrx_word' id='word_1_84' title='bbox 1129 1484 1208 1548; x_wconf 83' lang='lat' dir='ltr'><strong>eal·</strong></span> 
     </span>
     <span class='ocr_line' id='line_1_12' title="bbox 57 1583 1207 1677; baseline 0.001 -29"><span class='ocrx_word' id='word_1_85' title='bbox 57 1584 145 1664; x_wconf 77' lang='lat' dir='ltr'><strong>fucit.</strong></span> <span class='ocrx_word' id='word_1_86' title='bbox 190 1583 332 1648; x_wconf 77' lang='lat' dir='ltr'><strong>locatori</strong></span> <span class='ocrx_word' id='word_1_87' title='bbox 354 1584 464 1677; x_wconf 74' lang='lat' dir='ltr'><strong>deirede</strong></span> <span class='ocrx_word' id='word_1_88' title='bbox 485 1603 578 1665; x_wconf 79' lang='lat' dir='ltr'><strong>saper</strong></span> <span class='ocrx_word' id='word_1_89' title='bbox 600 1605 677 1648; x_wconf 81' lang='lat' dir='ltr'><strong>cerea</strong></span> <span class='ocrx_word' id='word_1_90' title='bbox 698 1588 806 1648; x_wconf 76' lang='lat' dir='ltr'><strong>exortu</strong></span> <span class='ocrx_word' id='word_1_91' title='bbox 828 1585 1021 1665; x_wconf 79' lang='lat' dir='ltr'><strong>quaestione,</strong></span> <span class='ocrx_word' id='word_1_92' title='bbox 1045 1586 1207 1665; x_wconf 66' lang='lat' dir='ltr'><strong>quodlicet</strong></span> 
     </span>
     <span class='ocr_line' id='line_1_13' title="bbox 60 1685 1203 1768; baseline 0.001 -19"><span class='ocrx_word' id='word_1_93' title='bbox 60 1690 136 1750; x_wconf 85' lang='lat' dir='ltr'><strong>esset</strong></span> <span class='ocrx_word' id='word_1_94' title='bbox 156 1686 316 1750; x_wconf 81' lang='lat' dir='ltr'><strong>molestam</strong></span> <span class='ocrx_word' id='word_1_95' title='bbox 338 1687 444 1764; x_wconf 79' lang='lat' dir='ltr'><strong>otiam,</strong></span> <span class='ocrx_word' id='word_1_96' title='bbox 469 1686 560 1750; x_wconf 80' lang='lat' dir='ltr'><strong>atiud</strong></span> <span class='ocrx_word' id='word_1_97' title='bbox 581 1686 645 1749; x_wconf 85' lang='lat' dir='ltr'><strong>alio</strong></span> <span class='ocrx_word' id='word_1_98' title='bbox 667 1687 816 1768; x_wconf 78' lang='lat' dir='ltr'><strong>opinante</strong></span> <span class='ocrx_word' id='word_1_99' title='bbox 838 1687 898 1764; x_wconf 83' lang='lat' dir='ltr'><strong>ille,</strong></span> <span class='ocrx_word' id='word_1_100' title='bbox 917 1685 1090 1768; x_wconf 68' lang='lat' dir='ltr'><strong>Podoyrici</strong></span> <span class='ocrx_word' id='word_1_101' title='bbox 1099 1689 1203 1768; x_wconf 82' lang='lat' dir='ltr'><strong>pedes,</strong></span> 
     </span>
     <span class='ocr_line' id='line_1_14' title="bbox 14 1776 1205 1867; baseline 0.002 -17"><span class='ocrx_word' id='word_1_102' title='bbox 14 1776 20 1782; x_wconf 47' lang='lat'><em>¹</em></span> <span class='ocrx_word' id='word_1_103' title='bbox 60 1789 148 1851; x_wconf 73' lang='lat' dir='ltr'><strong>etate.</strong></span> <span class='ocrx_word' id='word_1_104' title='bbox 195 1786 240 1851; x_wconf 86' lang='lat' dir='ltr'><strong>Ob</strong></span> <span class='ocrx_word' id='word_1_105' title='bbox 267 1789 342 1852; x_wconf 81' lang='lat' dir='ltr'><strong>baec</strong></span> <span class='ocrx_word' id='word_1_106' title='bbox 364 1793 393 1852; x_wconf 83' lang='lat' dir='ltr'><strong>st</strong></span> <span class='ocrx_word' id='word_1_107' title='bbox 414 1788 481 1852; x_wconf 82' lang='lat' dir='ltr'><strong>ulio</strong></span> <span class='ocrx_word' id='word_1_108' title='bbox 506 1808 606 1851; x_wconf 81' lang='lat' dir='ltr'><strong>ainau</strong></span> <span class='ocrx_word' id='word_1_109' title='bbox 628 1789 742 1852; x_wconf 81' lang='lat' dir='ltr'><strong>missas</strong></span> <span class='ocrx_word' id='word_1_110' title='bbox 763 1792 792 1850; x_wconf 87' lang='lat' dir='ltr'><strong>et</strong></span> <span class='ocrx_word' id='word_1_111' title='bbox 812 1789 932 1851; x_wconf 82' lang='lat' dir='ltr'><strong>maiore</strong></span> <span class='ocrx_word' id='word_1_112' title='bbox 953 1808 1032 1852; x_wconf 84' lang='lat' dir='ltr'><strong>earu</strong></span> <span class='ocrx_word' id='word_1_113' title='bbox 1054 1789 1205 1867; x_wconf 77' lang='lat' dir='ltr'><strong>eruditae,</strong></span> 
     </span>
     <span class='ocr_line' id='line_1_15' title="bbox 60 1888 1207 1979; baseline 0.002 -27"><span class='ocrx_word' id='word_1_114' title='bbox 60 1911 130 1954; x_wconf 81' lang='lat' dir='ltr'><strong>cem</strong></span> <span class='ocrx_word' id='word_1_115' title='bbox 156 1892 268 1954; x_wconf 79' lang='lat' dir='ltr'><strong>mimos</strong></span> <span class='ocrx_word' id='word_1_116' title='bbox 294 1895 486 1972; x_wconf 78' lang='lat' dir='ltr'><strong>componeret</strong></span> <span class='ocrx_word' id='word_1_117' title='bbox 511 1891 689 1979; x_wconf 67' lang='lat' dir='ltr'><strong>imperatique</strong></span> <span class='ocrx_word' id='word_1_118' title='bbox 717 1890 852 1954; x_wconf 63' lang='lat' dir='ltr'><strong>amensa</strong></span> <span class='ocrx_word' id='word_1_119' title='bbox 879 1891 915 1953; x_wconf 82' lang='lat' dir='ltr'><strong>ia</strong></span> <span class='ocrx_word' id='word_1_120' title='bbox 937 1888 963 1954; x_wconf 88' lang='lat' dir='ltr'><em>I</em></span> <span class='ocrx_word' id='word_1_121' title='bbox 972 1891 1056 1954; x_wconf 83' lang='lat' dir='ltr'><strong>aliae</strong></span> <span class='ocrx_word' id='word_1_122' title='bbox 1082 1892 1207 1974; x_wconf 77' lang='lat' dir='ltr'><strong>oppidis</strong></span> 
     </span>
     <span class='ocr_line' id='line_1_16' title="bbox 59 1991 1208 2075; baseline 0.001 -19"><span class='ocrx_word' id='word_1_123' title='bbox 59 2013 151 2074; x_wconf 66' lang='lat' dir='ltr'><strong>apere</strong></span> <span class='ocrx_word' id='word_1_124' title='bbox 178 1995 335 2074; x_wconf 78' lang='lat' dir='ltr'><strong>coepisset,</strong></span> <span class='ocrx_word' id='word_1_125' title='bbox 358 1993 533 2075; x_wconf 80' lang='lat' dir='ltr'><strong>productus</strong></span> <span class='ocrx_word' id='word_1_126' title='bbox 560 1997 604 2056; x_wconf 86' lang='lat' dir='ltr'><strong>est</strong></span> <span class='ocrx_word' id='word_1_127' title='bbox 625 1991 747 2056; x_wconf 81' lang='lat' dir='ltr'><strong>Romae</strong></span> <span class='ocrx_word' id='word_1_128' title='bbox 768 2013 829 2073; x_wconf 81' lang='lat' dir='ltr'><strong>per</strong></span> <span class='ocrx_word' id='word_1_129' title='bbox 852 1991 1000 2057; x_wconf 77' lang='lat' dir='ltr'><strong>Caesaris</strong></span> <span class='ocrx_word' id='word_1_130' title='bbox 1030 1993 1126 2057; x_wconf 80' lang='lat' dir='ltr'><strong>ludos.</strong></span> <span class='ocrx_word' id='word_1_131' title='bbox 1173 1991 1208 2057; x_wconf 82' lang='lat' dir='ltr'><strong>si</strong></span> 
     </span>
     <span class='ocr_line' id='line_1_17' title="bbox 59 2084 1207 2184; baseline 0.001 -28"><span class='ocrx_word' id='word_1_132' title='bbox 59 2115 137 2159; x_wconf 91' lang='lat' dir='ltr'><strong>vero</strong></span> <span class='ocrx_word' id='word_1_133' title='bbox 161 2084 314 2157; x_wconf 86' lang='lat' dir='ltr'><strong>subtilius</strong></span> <span class='ocrx_word' id='word_1_134' title='bbox 339 2115 486 2180; x_wconf 88' lang='lat' dir='ltr'><strong>quaeras,</strong></span> <span class='ocrx_word' id='word_1_135' title='bbox 510 2116 576 2157; x_wconf 94' lang='lat' dir='ltr'><strong>non</strong></span> <span class='ocrx_word' id='word_1_136' title='bbox 597 2092 784 2157; x_wconf 84' lang='lat' dir='ltr'><strong>Macrobius</strong></span> <span class='ocrx_word' id='word_1_137' title='bbox 808 2091 866 2155; x_wconf 91' lang='lat' dir='ltr'><strong>sed</strong></span> <span class='ocrx_word' id='word_1_138' title='bbox 883 2090 1011 2184; x_wconf 77' lang='lat' dir='ltr'><strong>Gellius</strong></span> <span class='ocrx_word' id='word_1_139' title='bbox 1035 2091 1092 2161; x_wconf 86' lang='lat' dir='ltr'><strong>lib.</strong></span> <span class='ocrx_word' id='word_1_140' title='bbox 1109 2093 1207 2157; x_wconf 89' lang='lat' dir='ltr'><strong>VIII.</strong></span> 
     </span>
    </p>
   </div>
   <div class='ocr_carea' id='block_1_3' title="bbox 58 2194 1305 2282">
    <p class='ocr_par' dir='ltr' id='par_1_4' title="bbox 58 2194 1305 2282">
     <span class='ocr_line' id='line_1_18' title="bbox 58 2194 1305 2282; baseline 0 -24"><span class='ocrx_word' id='word_1_141' title='bbox 58 2218 129 2282; x_wconf 89' lang='lat' dir='ltr'><strong>cap.</strong></span> <span class='ocrx_word' id='word_1_142' title='bbox 147 2195 187 2260; x_wconf 85' lang='lat'><strong>15</strong></span> <span class='ocrx_word' id='word_1_143' title='bbox 202 2195 281 2277; x_wconf 83' lang='lat' dir='ltr'><strong>haec</strong></span> <span class='ocrx_word' id='word_1_144' title='bbox 304 2197 427 2282; x_wconf 91' lang='lat' dir='ltr'><strong>primus</strong></span> <span class='ocrx_word' id='word_1_145' title='bbox 450 2194 629 2259; x_wconf 84' lang='lat' dir='ltr'><strong>tradidisse</strong></span> <span class='ocrx_word' id='word_1_146' title='bbox 652 2194 831 2258; x_wconf 88' lang='lat' dir='ltr'><strong>censendus</strong></span> <span class='ocrx_word' id='word_1_147' title='bbox 859 2203 918 2278; x_wconf 88' lang='lat' dir='ltr'><strong>est,</strong></span> <span class='ocrx_word' id='word_1_148' title='bbox 943 2194 1031 2280; x_wconf 92' lang='lat' dir='ltr'><strong>quod</strong></span> <span class='ocrx_word' id='word_1_149' title='bbox 1047 2204 1079 2258; x_wconf 92' lang='lat' dir='ltr'><strong>ct</strong></span> <span class='ocrx_word' id='word_1_150' title='bbox 1094 2195 1207 2281; x_wconf 91' lang='lat' dir='ltr'><strong>deper-</strong></span> <span class='ocrx_word' id='word_1_151' title='bbox 1303 2255 1305 2258; x_wconf 84' lang='lat'>.</span> 
     </span>
    </p>
   </div>
   <div class='ocr_carea' id='block_1_4' title="bbox 18 2295 1290 4523">
    <p class='ocr_par' dir='ltr' id='par_1_5' title="bbox 53 2295 1262 4014">
     <span class='ocr_line' id='line_1_19' title="bbox 57 2295 1207 2378; baseline 0.001 -18"><span class='ocrx_word' id='word_1_152' title='bbox 57 2298 121 2360; x_wconf 89' lang='lat' dir='ltr'><strong>diti</strong></span> <span class='ocrx_word' id='word_1_153' title='bbox 149 2295 237 2361; x_wconf 91' lang='lat' dir='ltr'><strong>illius</strong></span> <span class='ocrx_word' id='word_1_154' title='bbox 265 2295 343 2362; x_wconf 93' lang='lat' dir='ltr'><strong>libri</strong></span> <span class='ocrx_word' id='word_1_155' title='bbox 371 2296 468 2361; x_wconf 87' lang='lat' dir='ltr'><strong>docet</strong></span> <span class='ocrx_word' id='word_1_156' title='bbox 498 2297 728 2378; x_wconf 92' lang='lat' dir='ltr'><strong>summarium,</strong></span> <span class='ocrx_word' id='word_1_157' title='bbox 757 2317 817 2360; x_wconf 90' lang='lat' dir='ltr'><strong>nec</strong></span> <span class='ocrx_word' id='word_1_158' title='bbox 845 2295 999 2361; x_wconf 91' lang='lat' dir='ltr'><strong>abhorret</strong></span> <span class='ocrx_word' id='word_1_159' title='bbox 1021 2318 1041 2360; x_wconf 98' lang='lat' dir='ltr'><strong>a</strong></span> <span class='ocrx_word' id='word_1_160' title='bbox 1063 2297 1207 2362; x_wconf 93' lang='lat' dir='ltr'><strong>moribus</strong></span> 
     </span>
     <span class='ocr_line' id='line_1_20' title="bbox 57 2396 1211 2485; baseline -0.002 -21"><span class='ocrx_word' id='word_1_161' title='bbox 57 2398 236 2481; x_wconf 90' lang='lat' dir='ltr'><strong>Macrobii,</strong></span> <span class='ocrx_word' id='word_1_162' title='bbox 266 2421 362 2485; x_wconf 92' lang='lat' dir='ltr'><strong>quern</strong></span> <span class='ocrx_word' id='word_1_163' title='bbox 384 2399 546 2485; x_wconf 89' lang='lat' dir='ltr'><strong>permulta</strong></span> <span class='ocrx_word' id='word_1_164' title='bbox 567 2397 774 2485; x_wconf 91' lang='lat' dir='ltr'><strong>impudenter</strong></span> <span class='ocrx_word' id='word_1_165' title='bbox 795 2420 815 2461; x_wconf 90' lang='lat' dir='ltr'><strong>a</strong></span> <span class='ocrx_word' id='word_1_166' title='bbox 837 2396 946 2462; x_wconf 85' lang='lat' dir='ltr'><strong>Gellio</strong></span> <span class='ocrx_word' id='word_1_167' title='bbox 969 2398 1112 2462; x_wconf 86' lang='lat' dir='ltr'><strong>furatum</strong></span> <span class='ocrx_word' id='word_1_168' title='bbox 1136 2421 1211 2485; x_wconf 86' lang='lat' dir='ltr'><strong>esse</strong></span> 
     </span>
     <span class='ocr_line' id='line_1_21' title="bbox 55 2498 1206 2580; baseline -0.001 -16"><span class='ocrx_word' id='word_1_169' title='bbox 55 2523 153 2565; x_wconf 92' lang='lat' dir='ltr'><strong>nemo</strong></span> <span class='ocrx_word' id='word_1_170' title='bbox 175 2502 290 2565; x_wconf 88' lang='lat' dir='ltr'><strong>nescit.</strong></span> <span class='ocrx_word' id='word_1_171' title='bbox 337 2500 435 2580; x_wconf 76' lang='lat' dir='ltr'><strong>Quod</strong></span> <span class='ocrx_word' id='word_1_172' title='bbox 457 2509 566 2564; x_wconf 91' lang='lat' dir='ltr'><strong>autem</strong></span> <span class='ocrx_word' id='word_1_173' title='bbox 582 2500 758 2565; x_wconf 85' lang='lat' dir='ltr'><strong>Suetonius</strong></span> <span class='ocrx_word' id='word_1_174' title='bbox 781 2501 816 2562; x_wconf 95' lang='lat' dir='ltr'><strong>in</strong></span> <span class='ocrx_word' id='word_1_175' title='bbox 838 2499 895 2563; x_wconf 92' lang='lat' dir='ltr'><strong>illo</strong></span> <span class='ocrx_word' id='word_1_176' title='bbox 918 2498 959 2563; x_wconf 89' lang='lat' dir='ltr'><strong>de</strong></span> <span class='ocrx_word' id='word_1_177' title='bbox 974 2501 1055 2564; x_wconf 88' lang='lat' dir='ltr'><strong>viris</strong></span> <span class='ocrx_word' id='word_1_178' title='bbox 1071 2499 1206 2565; x_wconf 90' lang='lat' dir='ltr'><strong>illustri-</strong></span> 
     </span>
     <span class='ocr_line' id='line_1_22' title="bbox 55 2600 1205 2689; baseline -0.002 -22"><span class='ocrx_word' id='word_1_179' title='bbox 55 2604 119 2668; x_wconf 89' lang='lat' dir='ltr'><strong>bus</strong></span> <span class='ocrx_word' id='word_1_180' title='bbox 134 2603 231 2684; x_wconf 92' lang='lat' dir='ltr'><strong>libro,</strong></span> <span class='ocrx_word' id='word_1_181' title='bbox 255 2625 318 2689; x_wconf 94' lang='lat' dir='ltr'><strong>quo</strong></span> <span class='ocrx_word' id='word_1_182' title='bbox 334 2612 501 2689; x_wconf 84' lang='lat' dir='ltr'><strong>poetarum</strong></span> <span class='ocrx_word' id='word_1_183' title='bbox 517 2601 691 2666; x_wconf 86' lang='lat' dir='ltr'><strong>latinorum</strong></span> <span class='ocrx_word' id='word_1_184' title='bbox 707 2603 793 2665; x_wconf 84' lang='lat' dir='ltr'><strong>vitas</strong></span> <span class='ocrx_word' id='word_1_185' title='bbox 810 2600 998 2687; x_wconf 88' lang='lat' dir='ltr'><strong>complexus</strong></span> <span class='ocrx_word' id='word_1_186' title='bbox 1015 2611 1074 2683; x_wconf 89' lang='lat' dir='ltr'><strong>est,</strong></span> <span class='ocrx_word' id='word_1_187' title='bbox 1091 2602 1205 2665; x_wconf 92' lang='lat' dir='ltr'><strong>Publi·</strong></span> 
     </span>
     <span class='ocr_line' id='line_1_23' title="bbox 54 2703 1206 2788; baseline 0 -20"><span class='ocrx_word' id='word_1_188' title='bbox 54 2705 137 2769; x_wconf 93' lang='lat' dir='ltr'><strong>lium</strong></span> <span class='ocrx_word' id='word_1_189' title='bbox 161 2704 247 2770; x_wconf 86' lang='lat' dir='ltr'><strong>dixit</strong></span> <span class='ocrx_word' id='word_1_190' title='bbox 269 2706 531 2788; x_wconf 70' lang='lat' dir='ltr'><strong>aeineopropbant,</strong></span> <span class='ocrx_word' id='word_1_191' title='bbox 555 2703 731 2767; x_wconf 87' lang='lat' dir='ltr'><strong>Laberium</strong></span> <span class='ocrx_word' id='word_1_192' title='bbox 755 2712 867 2768; x_wconf 87' lang='lat' dir='ltr'><strong>contra</strong></span> <span class='ocrx_word' id='word_1_193' title='bbox 889 2706 1058 2768; x_wconf 77' lang='lat' dir='ltr'><strong>mimeram</strong></span> <span class='ocrx_word' id='word_1_194' title='bbox 1076 2705 1206 2785; x_wconf 38' lang='lat' dir='ltr'><strong>sersipito-</strong></span> 
     </span>
     <span class='ocr_line' id='line_1_24' title="bbox 55 2805 1208 2886; baseline -0.001 -16"><span class='ocrx_word' id='word_1_195' title='bbox 55 2829 138 2886; x_wconf 82' lang='lat' dir='ltr'><strong>rem,</strong></span> <span class='ocrx_word' id='word_1_196' title='bbox 169 2805 204 2870; x_wconf 94' lang='lat' dir='ltr'><strong>id</strong></span> <span class='ocrx_word' id='word_1_197' title='bbox 232 2805 354 2871; x_wconf 90' lang='lat' dir='ltr'><strong>nullam</strong></span> <span class='ocrx_word' id='word_1_198' title='bbox 377 2806 475 2871; x_wconf 91' lang='lat' dir='ltr'><strong>aliam</strong></span> <span class='ocrx_word' id='word_1_199' title='bbox 497 2806 539 2871; x_wconf 96' lang='lat' dir='ltr'><strong>ob</strong></span> <span class='ocrx_word' id='word_1_200' title='bbox 562 2827 693 2869; x_wconf 89' lang='lat' dir='ltr'><strong>causam</strong></span> <span class='ocrx_word' id='word_1_201' title='bbox 716 2805 839 2869; x_wconf 89' lang='lat' dir='ltr'><strong>factum</strong></span> <span class='ocrx_word' id='word_1_202' title='bbox 863 2827 934 2870; x_wconf 89' lang='lat' dir='ltr'><strong>esse</strong></span> <span class='ocrx_word' id='word_1_203' title='bbox 956 2805 1114 2886; x_wconf 81' lang='lat' dir='ltr'><strong>arbitror,</strong></span> <span class='ocrx_word' id='word_1_204' title='bbox 1142 2805 1208 2869; x_wconf 87' lang='lat' dir='ltr'><strong>nisi</strong></span> 
     </span>
     <span class='ocr_line' id='line_1_25' title="bbox 55 2893 1207 2995; baseline 0 -23"><span class='ocrx_word' id='word_1_205' title='bbox 55 2908 145 2994; x_wconf 93' lang='lat' dir='ltr'><strong>quod</strong></span> <span class='ocrx_word' id='word_1_206' title='bbox 173 2907 223 2971; x_wconf 93' lang='lat' dir='ltr'><strong>illi</strong></span> <span class='ocrx_word' id='word_1_207' title='bbox 251 2893 350 2972; x_wconf 86' lang='lat' dir='ltr'><strong>moris</strong></span> <span class='ocrx_word' id='word_1_208' title='bbox 381 2918 450 2973; x_wconf 92' lang='lat' dir='ltr'><strong>erat</strong></span> <span class='ocrx_word' id='word_1_209' title='bbox 478 2917 590 2995; x_wconf 91' lang='lat' dir='ltr'><strong>poetas</strong></span> <span class='ocrx_word' id='word_1_210' title='bbox 614 2906 712 2971; x_wconf 88' lang='lat' dir='ltr'><strong>Italia</strong></span> <span class='ocrx_word' id='word_1_211' title='bbox 741 2906 895 2971; x_wconf 90' lang='lat' dir='ltr'><strong>oriundos</strong></span> <span class='ocrx_word' id='word_1_212' title='bbox 923 2906 1025 2971; x_wconf 90' lang='lat' dir='ltr'><strong>latino</strong></span> <span class='ocrx_word' id='word_1_213' title='bbox 1048 2906 1207 2972; x_wconf 87' lang='lat' dir='ltr'><strong>vocabulo</strong></span> 
     </span>
     <span class='ocr_line' id='line_1_26' title="bbox 54 2995 1206 3098; baseline -0.001 -24"><span class='ocrx_word' id='word_1_214' title='bbox 54 3011 234 3096; x_wconf 80' lang='lat' dir='ltr'><strong>scriptores</strong></span> <span class='ocrx_word' id='word_1_215' title='bbox 257 3010 432 3098; x_wconf 91' lang='lat' dir='ltr'><strong>appellare,</strong></span> <span class='ocrx_word' id='word_1_216' title='bbox 455 3019 491 3075; x_wconf 93' lang='lat' dir='ltr'><strong>ut</strong></span> <span class='ocrx_word' id='word_1_217' title='bbox 506 3011 646 3074; x_wconf 81' lang='lat' dir='ltr'><strong>Accium</strong></span> <span class='ocrx_word' id='word_1_218' title='bbox 668 3001 920 3094; x_wconf 85' lang='lat' dir='ltr'><strong>tragoediarum,</strong></span> <span class='ocrx_word' id='word_1_219' title='bbox 943 3008 1108 3073; x_wconf 88' lang='lat' dir='ltr'><strong>Lucilium</strong></span> <span class='ocrx_word' id='word_1_220' title='bbox 1130 2995 1206 3073; x_wconf 88' lang='lat' dir='ltr'><strong>sati-</strong></span> 
     </span>
     <span class='ocr_line' id='line_1_27' title="bbox 53 3110 1206 3198; baseline 0.001 -24"><span class='ocrx_word' id='word_1_221' title='bbox 53 3133 177 3194; x_wconf 82' lang='lat' dir='ltr'><strong>rarum,</strong></span> <span class='ocrx_word' id='word_1_222' title='bbox 202 3110 376 3190; x_wconf 78' lang='lat' dir='ltr'><strong>Quintium</strong></span> <span class='ocrx_word' id='word_1_223' title='bbox 392 3113 506 3176; x_wconf 87' lang='lat' dir='ltr'><strong>Attam</strong></span> <span class='ocrx_word' id='word_1_224' title='bbox 528 3121 721 3198; x_wconf 84' lang='lat' dir='ltr'><strong>togatarum,</strong></span> <span class='ocrx_word' id='word_1_225' title='bbox 737 3112 953 3198; x_wconf 90' lang='lat' dir='ltr'><strong>Pomponium</strong></span> <span class='ocrx_word' id='word_1_226' title='bbox 968 3111 1206 3175; x_wconf 90' lang='lat' dir='ltr'><strong>Bononiensem</strong></span> 
     </span>
     <span class='ocr_line' id='line_1_28' title="bbox 54 3212 1205 3300; baseline -0.002 -22"><span class='ocrx_word' id='word_1_227' title='bbox 54 3213 284 3279; x_wconf 89' lang='lat' dir='ltr'><strong>Atellanarum</strong></span> <span class='ocrx_word' id='word_1_228' title='bbox 307 3214 510 3300; x_wconf 87' lang='lat' dir='ltr'><strong>scriptorem,</strong></span> <span class='ocrx_word' id='word_1_229' title='bbox 534 3213 700 3279; x_wconf 83' lang='lat' dir='ltr'><strong>Catullum</strong></span> <span class='ocrx_word' id='word_1_230' title='bbox 722 3212 872 3299; x_wconf 87' lang='lat' dir='ltr'><strong>lyricum,</strong></span> <span class='ocrx_word' id='word_1_231' title='bbox 896 3213 1114 3278; x_wconf 85' lang='lat' dir='ltr'><strong>Fenestellam</strong></span> <span class='ocrx_word' id='word_1_232' title='bbox 1137 3236 1205 3278; x_wconf 92' lang='lat' dir='ltr'><strong>car-</strong></span> 
     </span>
     <span class='ocr_line' id='line_1_29' title="bbox 53 3315 1206 3402; baseline 0 -22"><span class='ocrx_word' id='word_1_233' title='bbox 53 3317 181 3380; x_wconf 93' lang='lat' dir='ltr'><strong>minum</strong></span> <span class='ocrx_word' id='word_1_234' title='bbox 197 3317 388 3401; x_wconf 87' lang='lat' dir='ltr'><strong>scriptorem</strong></span> <span class='ocrx_word' id='word_1_235' title='bbox 405 3316 502 3398; x_wconf 86' lang='lat' dir='ltr'><strong>dixit,</strong></span> <span class='ocrx_word' id='word_1_236' title='bbox 526 3315 613 3379; x_wconf 90' lang='lat' dir='ltr'><strong>idem</strong></span> <span class='ocrx_word' id='word_1_237' title='bbox 629 3325 741 3380; x_wconf 92' lang='lat' dir='ltr'><strong>contra</strong></span> <span class='ocrx_word' id='word_1_238' title='bbox 756 3315 982 3380; x_wconf 90' lang='lat' dir='ltr'><strong>Philistionem</strong></span> <span class='ocrx_word' id='word_1_239' title='bbox 998 3316 1206 3402; x_wconf 84' lang='lat' dir='ltr'><strong>Magnesium</strong></span> 
     </span>
     <span class='ocr_line' id='line_1_30' title="bbox 54 3414 1205 3511; baseline 0.003 -31"><span class='ocrx_word' id='word_1_240' title='bbox 54 3414 328 3505; x_wconf 85' lang='lat' dir='ltr'><strong>mimograpbum.</strong></span> <span class='ocrx_word' id='word_1_241' title='bbox 375 3417 582 3504; x_wconf 79' lang='lat' dir='ltr'><strong>Quamquam</strong></span> <span class='ocrx_word' id='word_1_242' title='bbox 604 3441 670 3482; x_wconf 94' lang='lat' dir='ltr'><strong>non</strong></span> <span class='ocrx_word' id='word_1_243' title='bbox 689 3418 890 3502; x_wconf 85' lang='lat' dir='ltr'><strong>negaverim,</strong></span> <span class='ocrx_word' id='word_1_244' title='bbox 914 3418 1093 3483; x_wconf 89' lang='lat' dir='ltr'><strong>maximum</strong></span> <span class='ocrx_word' id='word_1_245' title='bbox 1108 3420 1205 3511; x_wconf 81' lang='lat' dir='ltr'><strong>inter-</strong></span> 
     </span>
     <span class='ocr_line' id='line_1_31' title="bbox 55 3517 1206 3607; baseline 0 -23"><span class='ocrx_word' id='word_1_246' title='bbox 55 3519 174 3584; x_wconf 89' lang='lat' dir='ltr'><strong>cedere</strong></span> <span class='ocrx_word' id='word_1_247' title='bbox 204 3517 382 3584; x_wconf 87' lang='lat' dir='ltr'><strong>discrimen</strong></span> <span class='ocrx_word' id='word_1_248' title='bbox 411 3522 496 3584; x_wconf 90' lang='lat' dir='ltr'><strong>inter</strong></span> <span class='ocrx_word' id='word_1_249' title='bbox 518 3518 698 3584; x_wconf 92' lang='lat' dir='ltr'><strong>Publilium</strong></span> <span class='ocrx_word' id='word_1_250' title='bbox 721 3528 753 3582; x_wconf 92' lang='lat' dir='ltr'><strong>et</strong></span> <span class='ocrx_word' id='word_1_251' title='bbox 775 3518 966 3583; x_wconf 89' lang='lat' dir='ltr'><strong>Laberium:</strong></span> <span class='ocrx_word' id='word_1_252' title='bbox 1001 3520 1088 3605; x_wconf 92' lang='lat' dir='ltr'><strong>quod</strong></span> <span class='ocrx_word' id='word_1_253' title='bbox 1111 3520 1206 3607; x_wconf 91' lang='lat' dir='ltr'><strong>quale</strong></span> 
     </span>
     <span class='ocr_line' id='line_1_32' title="bbox 55 3620 1262 3706; baseline -0.002 -19"><span class='ocrx_word' id='word_1_254' title='bbox 55 3630 145 3687; x_wconf 88' lang='lat' dir='ltr'><strong>esset</strong></span> <span class='ocrx_word' id='word_1_255' title='bbox 168 3642 241 3684; x_wconf 92' lang='lat' dir='ltr'><strong>cum</strong></span> <span class='ocrx_word' id='word_1_256' title='bbox 256 3620 363 3686; x_wconf 90' lang='lat' dir='ltr'><strong>adhuc</strong></span> <span class='ocrx_word' id='word_1_257' title='bbox 383 3620 501 3685; x_wconf 90' lang='lat' dir='ltr'><strong>multos</strong></span> <span class='ocrx_word' id='word_1_258' title='bbox 517 3621 670 3706; x_wconf 85' lang='lat' dir='ltr'><strong>fugisset,</strong></span> <span class='ocrx_word' id='word_1_259' title='bbox 693 3621 816 3686; x_wconf 89' lang='lat' dir='ltr'><strong>factum</strong></span> <span class='ocrx_word' id='word_1_260' title='bbox 832 3630 891 3702; x_wconf 90' lang='lat' dir='ltr'><strong>est,</strong></span> <span class='ocrx_word' id='word_1_261' title='bbox 914 3630 951 3685; x_wconf 93' lang='lat' dir='ltr'><strong>ut</strong></span> <span class='ocrx_word' id='word_1_262' title='bbox 967 3630 999 3686; x_wconf 88' lang='lat' dir='ltr'><strong>et</strong></span> <span class='ocrx_word' id='word_1_263' title='bbox 1014 3620 1055 3684; x_wconf 91' lang='lat' dir='ltr'><strong>de</strong></span> <span class='ocrx_word' id='word_1_264' title='bbox 1070 3620 1206 3685; x_wconf 90' lang='lat' dir='ltr'><strong>Publilii</strong></span> <span class='ocrx_word' id='word_1_265' title='bbox 1261 3656 1262 3659; x_wconf 16' lang='grc' dir='ltr'><strong>κ</strong></span> 
     </span>
     <span class='ocr_line' id='line_1_33' title="bbox 54 3722 1206 3806; baseline -0.002 -18"><span class='ocrx_word' id='word_1_266' title='bbox 54 3723 229 3788; x_wconf 87' lang='lat' dir='ltr'><strong>sententiis</strong></span> <span class='ocrx_word' id='word_1_267' title='bbox 261 3725 325 3787; x_wconf 86' lang='lat' dir='ltr'><strong>viri</strong></span> <span class='ocrx_word' id='word_1_268' title='bbox 358 3723 446 3787; x_wconf 91' lang='lat' dir='ltr'><strong>docti</strong></span> <span class='ocrx_word' id='word_1_269' title='bbox 474 3726 582 3787; x_wconf 91' lang='lat' dir='ltr'><strong>minus</strong></span> <span class='ocrx_word' id='word_1_270' title='bbox 610 3732 698 3788; x_wconf 89' lang='lat' dir='ltr'><strong>recte</strong></span> <span class='ocrx_word' id='word_1_271' title='bbox 727 3722 925 3806; x_wconf 89' lang='lat' dir='ltr'><strong>iudicarent,</strong></span> <span class='ocrx_word' id='word_1_272' title='bbox 960 3732 992 3788; x_wconf 91' lang='lat' dir='ltr'><strong>ct</strong></span> <span class='ocrx_word' id='word_1_273' title='bbox 1010 3723 1077 3787; x_wconf 69' lang='lat' dir='ltr'><strong>‘illa</strong></span> <span class='ocrx_word' id='word_1_274' title='bbox 1106 3722 1206 3787; x_wconf 90' lang='lat' dir='ltr'><strong>Plinii</strong></span> 
     </span>
     <span class='ocr_line' id='line_1_34' title="bbox 54 3824 1204 3913; baseline -0.001 -23"><span class='ocrx_word' id='word_1_275' title='bbox 54 3825 160 3890; x_wconf 88' lang='lat' dir='ltr'><strong>verba</strong></span> <span class='ocrx_word' id='word_1_276' title='bbox 183 3824 371 3890; x_wconf 80' lang='lat' dir='ltr'><strong>‘Publiliam</strong></span> <span class='ocrx_word' id='word_1_277' title='bbox 386 3827 531 3891; x_wconf 81' lang='lat' dir='ltr'><strong>miraieue</strong></span> <span class='ocrx_word' id='word_1_278' title='bbox 544 3847 677 3893; x_wconf 81' lang='lat' dir='ltr'><strong>scaenae</strong></span> <span class='ocrx_word' id='word_1_279' title='bbox 690 3828 889 3891; x_wconf 79' lang='lat' dir='ltr'><strong>conditorem’</strong></span> <span class='ocrx_word' id='word_1_280' title='bbox 913 3848 1086 3913; x_wconf 90' lang='lat' dir='ltr'><strong>perperam</strong></span> <span class='ocrx_word' id='word_1_281' title='bbox 1105 3827 1204 3890; x_wconf 89' lang='lat' dir='ltr'><strong>inter-</strong></span> 
     </span>
     <span class='ocr_line' id='line_1_35' title="bbox 55 3936 275 4014; baseline -0.005 -24"><span class='ocrx_word' id='word_1_282' title='bbox 55 3936 275 4014; x_wconf 88' lang='lat' dir='ltr'><strong>pretarentur.</strong></span> 
     </span>
    </p>

    <p class='ocr_par' dir='ltr' id='par_1_6' title="bbox 18 4027 1290 4523">
     <span class='ocr_line' id='line_1_36' title="bbox 144 4027 1204 4116; baseline 0.001 -25"><span class='ocrx_word' id='word_1_283' title='bbox 144 4027 366 4108; x_wconf 77' lang='lat' dir='ltr'><strong>Quamobrem</strong></span> <span class='ocrx_word' id='word_1_284' title='bbox 399 4050 517 4116; x_wconf 86' lang='lat' dir='ltr'><strong>operae</strong></span> <span class='ocrx_word' id='word_1_285' title='bbox 550 4029 691 4114; x_wconf 91' lang='lat' dir='ltr'><strong>pretium</strong></span> <span class='ocrx_word' id='word_1_286' title='bbox 723 4049 795 4091; x_wconf 90' lang='lat' dir='ltr'><strong>esse</strong></span> <span class='ocrx_word' id='word_1_287' title='bbox 822 4028 954 4093; x_wconf 90' lang='lat' dir='ltr'><strong>videtur</strong></span> <span class='ocrx_word' id='word_1_288' title='bbox 981 4029 1077 4116; x_wconf 91' lang='lat' dir='ltr'><strong>paulo</strong></span> <span class='ocrx_word' id='word_1_289' title='bbox 1106 4028 1204 4092; x_wconf 89' lang='lat' dir='ltr'><strong>altius</strong></span> 
     </span>
     <span class='ocr_line' id='line_1_37' title="bbox 54 4126 1205 4218; baseline -0.001 -23"><span class='ocrx_word' id='word_1_290' title='bbox 54 4140 220 4218; x_wconf 87' lang='lat' dir='ltr'><strong>repetere,</strong></span> <span class='ocrx_word' id='word_1_291' title='bbox 249 4139 285 4195; x_wconf 94' lang='lat' dir='ltr'><strong>ut</strong></span> <span class='ocrx_word' id='word_1_292' title='bbox 315 4130 497 4196; x_wconf 81' lang='lat' dir='ltr'><strong>accuratius</strong></span> <span class='ocrx_word' id='word_1_293' title='bbox 525 4126 693 4211; x_wconf 83' lang='lat' dir='ltr'><strong>noscatur,</strong></span> <span class='ocrx_word' id='word_1_294' title='bbox 723 4128 809 4194; x_wconf 91' lang='lat' dir='ltr'><strong>unde</strong></span> <span class='ocrx_word' id='word_1_295' title='bbox 836 4132 960 4211; x_wconf 91' lang='lat' dir='ltr'><strong>mimi,</strong></span> <span class='ocrx_word' id='word_1_296' title='bbox 992 4132 1047 4216; x_wconf 89' lang='lat' dir='ltr'><strong>qni</strong></span> <span class='ocrx_word' id='word_1_297' title='bbox 1070 4129 1205 4194; x_wconf 93' lang='lat' dir='ltr'><strong>Publilii</strong></span> 
     </span>
     <span class='ocr_line' id='line_1_38' title="bbox 53 4231 1290 4325; baseline -0.001 -28"><span class='ocrx_word' id='word_1_298' title='bbox 53 4241 165 4297; x_wconf 90' lang='lat' dir='ltr'><strong>aetate</strong></span> <span class='ocrx_word' id='word_1_299' title='bbox 193 4253 232 4294; x_wconf 90' lang='lat' dir='ltr'><strong>ac</strong></span> <span class='ocrx_word' id='word_1_300' title='bbox 255 4231 375 4296; x_wconf 90' lang='lat' dir='ltr'><strong>deinde</strong></span> <span class='ocrx_word' id='word_1_301' title='bbox 403 4233 465 4325; x_wconf 90' lang='lat' dir='ltr'><strong>sub</strong></span> <span class='ocrx_word' id='word_1_302' title='bbox 487 4232 682 4298; x_wconf 79' lang='lat' dir='ltr'><strong>Caesaribus</strong></span> <span class='ocrx_word' id='word_1_303' title='bbox 705 4254 748 4296; x_wconf 86' lang='lat' dir='ltr'><strong>ex</strong></span> <span class='ocrx_word' id='word_1_304' title='bbox 769 4242 866 4317; x_wconf 84' lang='lat' dir='ltr'><strong>gente</strong></span> <span class='ocrx_word' id='word_1_305' title='bbox 888 4231 973 4296; x_wconf 91' lang='lat' dir='ltr'><strong>Iulia</strong></span> <span class='ocrx_word' id='word_1_306' title='bbox 994 4241 1085 4296; x_wconf 93' lang='lat' dir='ltr'><strong>tanto</strong></span> <span class='ocrx_word' id='word_1_307' title='bbox 1108 4253 1205 4319; x_wconf 91' lang='lat' dir='ltr'><strong>opere</strong></span> <span class='ocrx_word' id='word_1_308' title='bbox 1288 4278 1290 4283; x_wconf 85' lang='lat'><em>·</em></span> 
     </span>
     <span class='ocr_line' id='line_1_39' title="bbox 18 4332 1225 4420; baseline 0.002 -20"><span class='ocrx_word' id='word_1_309' title='bbox 18 4381 26 4400; x_wconf 46' lang='lat' dir='ltr'><strong>s</strong></span> <span class='ocrx_word' id='word_1_310' title='bbox 54 4334 326 4417; x_wconf 88' lang='lat' dir='ltr'><strong>celebrabantur,</strong></span> <span class='ocrx_word' id='word_1_311' title='bbox 356 4335 515 4419; x_wconf 84' lang='lat' dir='ltr'><strong>originem</strong></span> <span class='ocrx_word' id='word_1_312' title='bbox 542 4335 703 4400; x_wconf 88' lang='lat' dir='ltr'><strong>traxerint</strong></span> <span class='ocrx_word' id='word_1_313' title='bbox 728 4343 760 4398; x_wconf 88' lang='lat' dir='ltr'><strong>e&#39;t</strong></span> <span class='ocrx_word' id='word_1_314' title='bbox 783 4333 943 4420; x_wconf 91' lang='lat' dir='ltr'><strong>quomodo</strong></span> <span class='ocrx_word' id='word_1_315' title='bbox 971 4332 1128 4420; x_wconf 91' lang='lat' dir='ltr'><strong>paulatim</strong></span> <span class='ocrx_word' id='word_1_316' title='bbox 1151 4355 1225 4403; x_wconf 52' lang='lat' dir='ltr'><strong>exn</strong></span> 
     </span>
     <span class='ocr_line' id='line_1_40' title="bbox 55 4435 1204 4523; baseline -0.001 -22"><span class='ocrx_word' id='word_1_317' title='bbox 55 4435 138 4501; x_wconf 90' lang='lat' dir='ltr'><strong>culti</strong></span> <span class='ocrx_word' id='word_1_318' title='bbox 153 4437 229 4500; x_wconf 91' lang='lat' dir='ltr'><strong>sint.</strong></span> <span class='ocrx_word' id='word_1_319' title='bbox 264 4437 315 4501; x_wconf 87' lang='lat' dir='ltr'><strong>Ac</strong></span> <span class='ocrx_word' id='word_1_320' title='bbox 331 4438 471 4522; x_wconf 88' lang='lat' dir='ltr'><strong>primum</strong></span> <span class='ocrx_word' id='word_1_321' title='bbox 486 4437 618 4523; x_wconf 86' lang='lat' dir='ltr'><strong>quidem</strong></span> <span class='ocrx_word' id='word_1_322' title='bbox 633 4445 761 4503; x_wconf 90' lang='lat' dir='ltr'><strong>constat</strong></span> <span class='ocrx_word' id='word_1_323' title='bbox 774 4437 889 4502; x_wconf 92' lang='lat' dir='ltr'><strong>mimos</strong></span> <span class='ocrx_word' id='word_1_324' title='bbox 905 4436 1086 4522; x_wconf 90' lang='lat' dir='ltr'><strong>antiquitus</strong></span> <span class='ocrx_word' id='word_1_325' title='bbox 1102 4436 1204 4502; x_wconf 88' lang='lat' dir='ltr'><strong>fuisse</strong></span> 
     </span>
    </p>
   </div>
   <div class='ocr_carea' id='block_1_5' title="bbox 0 0 1512 5116">
    <p class='ocr_par' dir='ltr' id='par_1_7' title="bbox 0 0 1512 5116">
     <span class='ocr_line' id='line_1_41' title="bbox 0 0 1512 5116; baseline 0 2"><span class='ocrx_word' id='word_1_326' title='bbox 0 0 1512 5116; x_wconf 95' lang='lat' dir='ltr'><strong> </strong></span> 
     </span>
    </p>
   </div>
  </div>
 </body>
</html>
