3044 5124
379 387 485 433 mrsu
507 384 740 434 Punnrmnnns
763 384 956 433 nncnrrln.
1052 400 1053 403 ¹
1183 369 1241 435 131

179 541 293 606 Potest
316 538 396 626 quid
418 560 490 603 esse
512 539 696 622 honestum,
719 538 806 625 quod
828 561 893 604 non
916 536 1080 602 liberum?

179 644 316 707 Praeter
346 663 476 707 causam
506 641 645 707 multum
672 641 776 704 amico
808 639 957 725 dabitur,
987 639 1124 705 multum
1147 641 1245 704 etiam

707 753 820 809 contra
841 744 983 810 amicum
1005 744 1102 808 scias.

180 847 372 933 Principum
395 846 535 911 saevitia
556 845 680 911 bellum
703 857 763 913 est.

180 949 316 1013 Privata
338 947 450 1013 studia
472 946 642 1036 publicum
665 957 817 1014 evertunt
839 948 970 1015 bonum.

80 1059 157 1117 300
180 1051 324 1116 Probare
347 1050 470 1114 amicos
493 1049 630 1115 difficile
653 1061 703 1116 est
724 1073 759 1116 re
780 1074 946 1139 prospera.

181 1153 287 1240 Prope
311 1161 360 1218 est
382 1162 419 1219 ut
440 1150 582 1218 libenter
605 1153 748 1237 damnet,
772 1155 828 1240 qui
851 1156 925 1220 cito.

181 1255 288 1343 Prope
312 1264 361 1320 est
383 1264 420 1320 ut
442 1277 508 1320 non
529 1277 631 1342 aeque
654 1257 794 1340 damnet,
819 1259 874 1344 qui
897 1258 1006 1322 nimis.

183 1355 332 1444 Pupillus
355 1365 405 1422 est
427 1379 545 1422 avarus
568 1360 686 1424 aetatis
709 1359 831 1424 brevis.

182 1460 286 1523 Puras
309 1459 402 1544 deus,
426 1482 491 1524 non
512 1457 626 1544 plenas
649 1461 769 1548 aspicit
792 1482 918 1526 manus.

87 1568 159 1628 305
185 1562 278 1643 Quae
300 1561 500 1647 defloruerit,
522 1584 564 1626 ne
585 1564 704 1628 iterum
727 1573 901 1650 quaeratur
922 1586 1006 1629 rosa.
1247 1641 1260 1659 χ

184 1664 276 1745 Quae
300 1673 422 1728 estare
446 1664 612 1751 parandae
633 1666 816 1730 amicitiae?
841 1666 878 1732 Si
899 1667 951 1730 vis
973 1666 1087 1749 amari,
1112 1687 1194 1730 ama.

184 1766 399 1846 Quaerendus
422 1790 544 1833 cuneus
568 1777 618 1833 est
639 1766 744 1834 malus
767 1777 882 1834 trunco
905 1768 1000 1836 male.

183 1868 290 1948 Quam
312 1891 468 1955 magnum
491 1880 541 1934 est
562 1892 628 1935 non
648 1868 776 1936 laudari
798 1881 831 1936 et
854 1892 926 1936 θεεθ
948 1868 1166 1936 laudabilem!

183 1971 290 2051 Quam
313 1993 410 2059 saepe
433 1974 574 2054 veniam,
598 1973 656 2059 qui
677 1982 866 2059 negaverat,
889 1973 989 2060 petit!

89 2081 160 2140 310
183 2072 252 2152 Qui
273 2073 330 2138 alii
351 2072 530 2159 maledicit,
554 2075 618 2140 sibi
641 2076 824 2141 convicium
846 2075 937 2140 facit.

185 2175 275 2255 Quid
299 2197 335 2240 eo
359 2174 535 2260 infelicius,
560 2179 613 2242 cui
634 2179 700 2242 iam
722 2176 807 2244 malo
831 2199 902 2243 esse
924 2198 1058 2243 necesse
1082 2176 1155 2242 est?

185 2276 276 2356 Quid
300 2288 351 2343 est
372 2279 568 2344 beneficium
591 2279 693 2344 dare?
716 2280 839 2345 imitari
862 2278 969 2344 deum.

184 2379 273 2460 Quid
296 2390 406 2468 potest
427 2380 469 2445 ab
493 2403 530 2446 eo
553 2382 726 2468 quisquam
749 2404 890 2469 sperare,
914 2403 1010 2469 quem
1033 2379 1154 2446 malum
1175 2403 1247 2446 esse

709 2482 844 2549 docuit?
864 2477 866 2481 ’

187 2583 360 2672 Quidquid
377 2607 480 2672 aequo
501 2584 574 2672 plus
589 2585 736 2652 futurum
752 2594 812 2669 est,
834 2587 870 2651 in
884 2595 1010 2673 partem
1026 2586 1248 2650 humaniorem

708 2687 830 2752 inclina
852 2687 906 2752 vel
928 2688 1161 2776 praepondera.

96 2797 162 2854 315
188 2787 279 2869 Quid
302 2791 440 2878 quisque
461 2793 576 2878 possit,
599 2792 665 2856 nisi
687 2798 811 2856 tentato
833 2790 960 2856 nesciit.

88 2957 95 2964 ,
184 2892 277 2973 Quid
298 2894 400 2958 refert
423 2902 578 2980 quantum
593 2893 740 2958 habeas?
763 2891 866 2958 multo
888 2892 971 2958 illud
986 2893 1059 2980 plus
1076 2902 1136 2976 θεῖ,
1159 2893 1248 2979 quod

708 3018 774 3062 non
795 2995 908 3061 habes.

186 3097 255 3178 Qui
271 3108 405 3185 propter
419 3099 576 3187 pecuniae
591 3097 645 3163 vel
660 3097 808 3164 libidinis
824 3120 965 3164 amorem
981 3100 1129 3182 moritur,
1141 3108 1247 3164 osten·

590 3201 640 3266 dit
667 3222 703 3265 se
724 3223 902 3288 numquam
924 3201 976 3266 sui
999 3222 1097 3267 causa
1112 3201 1247 3267 vixisse.

95 3324 302 3333 ...m—...-

185 3411 244 3470 296
268 3415 302 3470 Il.
320 3413 382 3469 Sen.
399 3414 478 3487 epist·
497 3414 547 3485 66,
566 3414 604 3471 16
689 3413 749 3470 297
772 3414 826 3469 Pn.
905 3412 966 3470 298
991 3413 1040 3470 60.
1058 3411 1249 3486 (Principium

98 3497 250 3570 saevitiae)
267 3498 329 3555 Son.
346 3497 379 3554 de
394 3497 472 3555 clem.
491 3500 520 3570 1,
537 3497 567 3570 5,
584 3498 602 3554 2
691 3498 750 3555 299
774 3499 809 3554 F.
892 3498 954 3556 300
977 3498 1019 3553 6ν
1035 3497 1063 3553 2.
1081 3497 1156 3555 Caec.
1173 3498 1246 3554 Belb.

98 3581 172 3638 Mon.
190 3582 245 3655 15,
262 3584 291 3654 6,
306 3601 352 3658 pg.
371 3583 421 3655 25,
437 3582 499 3639 coll.
516 3584 549 3640 de
565 3600 633 3640 mor.
651 3582 690 3640 51
792 3582 863 3641 301.
888 3582 949 3641 302
974 3583 1023 3639 60.
1042 3582 1104 3639 Seu.
1120 3583 1154 3638 de
1169 3584 1247 3639 clem.

100 3668 129 3739 1,
149 3667 198 3740 14,
215 3667 233 3725 3
312 3668 373 3726 303
397 3667 526 3743 Scaliger.
550 3668 627 3725 Caco.
643 3667 717 3724 Belb.
736 3667 807 3723 Mon.
826 3665 876 3739 12,
893 3668 922 3739 3,
938 3685 985 3743 pg.
1002 3667 1042 3725 23
1115 3667 1177 3726 304
1199 3667 1247 3724 Ρε.

1277 3355 1305 3409 0

98 3751 138 3806 61.
155 3769 237 3827 snpra
252 3771 298 3828 pg.
316 3754 372 3823 90,
389 3754 407 3810 3
496 3754 556 3811 305
581 3755 634 3811 Bo.
650 3752 688 3809 Er
703 3751 847 3827 proverbio
867 3770 965 3826 graeco
982 3770 1025 3828 ap.
1042 3751 1144 3810 Erasm.
1163 3752 1246 3827 Adag.

98 3836 130 3909 2,
148 3837 178 3909 6,
193 3838 235 3895 40
343 3839 403 3897 306
427 3838 459 3908 Q.
474 3839 538 3899 Son.
555 3841 636 3914 epist.
653 3839 689 3912 9,
708 3839 734 3896 6.
757 3838 868 3894 Martial.
885 3840 972 3913 epigr.
989 3840 1018 3913 6,
1036 3839 1086 3911 11,
1104 3839 1144 3896 10

99 3922 161 3980 307
185 3924 239 3979 Bo.
256 3922 384 3980 Erasmus
402 3924 486 3999 Adag.
506 3924 540 3996 1,
557 3924 592 3998 2,
608 3924 626 3981 5
643 3941 675 3980 er
691 3924 855 3998 Hieronymo
875 3924 907 3980 ad
923 3923 1021 3981 Ocesn.
1108 3924 1168 3982 308
1192 3925 1245 3994 Pa,

99 4009 134 4066 R.
152 4006 190 4063 61.
208 4025 290 4082 supra
310 4026 357 4084 pg.
377 4010 453 4082 100,
470 4009 509 4068 65
603 4010 663 4068 309
686 4011 735 4066 Ps.
753 4010 819 4067 Sea.
836 4009 869 4065 de
889 4010 928 4065 ira
945 4010 980 4082 2,
996 4009 1053 4082 34,
1069 4008 1097 4065 4.
1115 4008 1150 4065 cl.
1168 4009 1246 4065 Herc.

100 4093 154 4148 sur.
172 4091 253 4150 1267
328 4094 391 4152 310
413 4096 447 4151 F.
466 4096 500 4152 lle
515 4111 585 4151 mor.
604 4094 662 4152 115
742 4095 801 4152 311
827 4092 1247 4167 Go.Sen.declcm.l,13,2

185 4178 245 4235 312
268 4179 323 4235 Pn.
340 4179 376 4236 De
397 4197 467 4241 mor.
483 4180 522 4237 47
540 4180 602 4237 coll.
619 4180 680 4237 Sen.
699 4179 731 4235 dc
748 4179 836 4236 benel.
854 4180 889 4253 3,
907 4179 946 4237 15
1034 4179 1093 4236 313
1119 4179 1168 4235 60.
1186 4178 1248 4235 Seu.

96 4263 130 4320 dc
146 4263 224 4320 clem.
244 4265 271 4335 1,
289 4264 340 4337 26,
358 4266 374 4321 1
464 4265 525 4323 314
549 4267 598 4322 60.
616 4265 677 4322 Sen.
694 4264 727 4322 de
744 4265 821 4321 clem.
840 4266 869 4336 1,
886 4263 915 4335 2,
932 4264 949 4320 2
1031 4263 1092 4320 315
1116 4264 1163 4320 Ρε.
1181 4263 1245 4320 Sen.

97 4349 130 4406 de
147 4348 255 4423 provid.
271 4343 302 4422 4,
319 4350 337 4408 3
355 4353 518 4424 temptando
600 4350 661 4408 316
684 4353 719 4407 F.
737 4350 799 4407 Sen.
817 4367 860 4424 ap.
877 4349 992 4406 Gellium
1010 4347 1060 4422 12,
1077 4347 1106 4420 2,
1125 4348 1162 4405 13

96 4435 160 4504 311
185 4435 235 4492 60.
252 4435 372 4493 Demor.
391 4436 449 4493 119

1011 4536 1046 4584 9*
