3014 5116
517 461 789 520 recensentem.
930 448 933 458 ‘
1185 450 1225 512 41

79 639 159 681 nem
182 616 305 699 delabi,
335 618 429 703 quasi
452 615 576 682 Seneca
596 640 663 682 non
686 609 789 682 solum
811 640 915 705 nuper
936 617 1137 701 additarum,
1169 620 1227 683 sed

79 720 227 783 omnium
249 730 361 785 auctor
377 730 464 785 esset
478 720 722 784 sententiarum.
768 720 907 784 Accedit
927 720 1014 807 quod
1030 720 1162 803 Seneca,
1185 720 1226 785 ab

80 821 287 908 Hieronymo
320 823 354 885 in
384 808 569 907 catalogum
598 823 789 887 Sanctorum
817 831 967 910 receptus
1001 822 1042 887 ob
1072 821 1227 910 epistulas

78 923 172 1006 illas,
202 946 281 1010 quas
302 924 347 987 ad
369 924 507 989 Paulum
528 922 709 1011 apostolum
732 923 863 988 dedisse
886 901 1096 1008 credebatrir,
1119 947 1226 989 mona-

80 1026 154 1089 chis
176 1023 277 1089 medii
298 1027 373 1089 aevi
395 1026 504 1091 multis
528 1026 646 1090 litteris
669 1027 717 1091 ita
740 1026 986 1091 commendatus
1011 1037 1095 1110 erat,
1124 1037 1160 1090 ut
1181 1027 1227 1089 t'a-

81 1127 159 1209 cile,
183 1127 343 1214 quid—quid
366 1127 409 1190 ad
431 1126 670 1214 philosophiam
692 1127 847 1192 moralem
869 1129 1055 1214 spectabat,
1081 1130 1148 1193 eius
1171 1150 1226 1192 no-

79 1231 165 1294 mini
186 1228 330 1293 adscribi
342 1221 492 1316 'potuisse
508 1230 570 1295 tibi
581 1230 794 1317 persuadeas.
839 1230 1001 1318 Exemplo
1017 1233 1060 1296 sit
1078 1232 1147 1317 ipse
1162 1229 1231 1310 ille,

80 1333 140 1418 qui
168 1332 289 1395 dicitur
315 1331 400 1395 liber
428 1332 468 1395 de
496 1331 652 1397 moribus.
696 1332 816 1397 Utrum
840 1333 982 1399 Senecae
1011 1333 1228 1421 patrocinium

80 1432 247 1520 quoddam
280 1433 341 1497 hoc
368 1432 553 1516 addiderit,
581 1433 675 1520 quod
706 1456 738 1497 v.
763 1435 779 1497 1
804 1430 836 1497 et
858 1435 879 1497 2
901 1434 1084 1523 Publiliia
1107 1435 1230 1499 Seneca

80 1537 181 1621 epist.
205 1535 240 1616 8,
265 1535 284 1598 8
307 1544 339 1598 et
362 1536 419 1618 94,
443 1537 484 1599 43
507 1535 697 1618 laudantur,
728 1558 769 1599 an
792 1537 901 1622 potius
930 1536 979 1600 illi
1007 1522 1122 1601 versus
1145 1536 1229 1600 hanc

79 1638 125 1703 ob
150 1659 279 1701 causam
301 1638 343 1700 ab
365 1636 494 1701 homine
517 1637 656 1724 quodam
680 1638 775 1703 docto
790 1639 885 1703 initio
901 1639 999 1725 positi
1015 1628 1149 1721 fuerint,
1166 1660 1229 1724 quo

80 1741 226 1804 Senecae
248 1739 435 1803 auctoritati
457 1738 556 1802 fidem
578 1739 785 1825 adderem),
795 1739 830 1803 id
853 1742 911 1804 vix
933 1740 1038 1803 ausim
1061 1728 1119 1827 pro
1141 1750 1229 1804 certo

79 1841 275 1906 diiudicare.
318 1838 486 1904 Postremo
510 1840 639 1906 silentio
662 1865 726 1906 non
748 1841 1020 1928 praetereundum
1036 1852 1095 1925 est,
1119 1865 1229 1908 mona·
1318 1846 1320 1851 ’

79 1943 162 2010 chos
185 1952 216 2006 et
239 1951 370 2006 sanctae
392 1941 549 2006 eeclesiae
571 1953 691 2030 patres,
715 1966 787 2008 cum
802 1943 938 2009 Publilii
960 1946 1080 2030 pagani
1101 1953 1228 2008 senten-

78 2048 146 2110 tias
162 2045 292 2131 saepius
307 2045 343 2107 in
356 2067 451 2109 usum
467 2044 563 2133 suuni
580 2055 817 2128 converterent,-
834 2068 888 2109 eas
904 2045 1044 2111 fortasse
1059 2069 1078 2109 a
1091 2044 1226 2127 Seneca,

78 2147 279 2211 christianae
306 2146 384 2209 fidei
411 2156 447 2210 ut
475 2146 634 2233 putabant
656 2147 806 2231 addicto,
841 2146 894 2210 vel
916 2157 1004 2212 certe
1026 2147 1127 2213 Paulo
1150 2150 1228 2212 ami-

65 2251 225 2331 cissimo,
249 2249 412 2334 profectas
436 2271 506 2312 esse
529 2258 672 2314 statuere
693 2249 860 2315 maluisse.

168 2352 218 2414 Ac
241 2350 321 2412 vicit
337 2350 416 2413 haec
432 2353 605 2437 sententia,
629 2353 778 2439 quamvis
795 2355 838 2416 sit
853 2349 947 2415 falsa.
992 2350 1106 2437 Neque
1121 2361 1229 2441 tamen

77 2453 268 2531 defuerunt,
286 2452 341 2537 qui
363 2453 507 2516 incertae
523 2457 727 2518 coniecturae
746 2453 944 2518 diffiderent.
984 2454 1024 2518 ln
1039 2454 1153 2539 primis
1170 2454 1228 2516 mi-

77 2578 155 2619 rum
185 2553 315 2618 videtur
343 2553 489 2618 codicem
511 2556 727 2620 Basiliensem
754 2557 967 2643 inscriptione
989 2554 1085 2642 plane
1108 2576 1229 2636 carere,

78 2659 162 2720 item
185 2654 333 2719 codicem
353 2656 608 2741 Frisingensem,
632 2657 931 2738 Vindobonensem,
955 2659 1118 2744 epitomen
1138 2656 1229 2719 Pari-

77 2760 188 2822 sinam
210 2756 332 2820 saeculi
354 2757 535 2843 undecimi,
568 2758 760 2846 saeculoque
783 2757 883 2823 XIII.
907 2759 1099 2822 Vincentius
1122 2756 1228 2822 Bello-

76 2861 232 2924 vacensis
256 2859 387 2923 easdem
410 2859 481 2923 illas
505 2862 694 2944 sententias,
719 2884 801 2949 quae
824 2863 859 2925 in
874 2861 987 2925 codiee
1002 2861 1229 2947 antiquissimo

76 2963 233 3028 Parisino
257 2960 400 3026 Senecae
422 2963 664 3045 inscribuntur,
689 2974 721 3028 et
743 2962 945 3028 Publilianas
970 2972 1001 3026 ct
1024 2961 1228 3043 subditiciaS,
1280 2986 1281 2990 ¹
1333 2973 1339 2986 ⁸

76 3065 177 3128 affert
188 3065 362 3149 ’tamquam
385 3086 421 3129 ece
436 3067 614 3147 proverbiis
642 3066 952 3151 septennalem)
976 3066 1112 3152 petitas,
1142 3062 1229 3128 haud

77 3167 210 3247 inscite,
234 3166 262 3229 si
286 3165 418 3252 quidem
442 3189 496 3230 eas
519 3180 584 3231 non
606 3170 663 3232 uni
681 3169 806 3232 auctori
822 3167 935 3232 deberi
950 3176 1038 3232 recte
1053 3165 1228 3231 intellexit.

168 3267 316 3330 Tertium
339 3266 480 3355 denique
502 3291 606 3354 genus
630 3279 679 3334 est
702 3291 829 3353 eorum,
859 3271 932 3356 qui,
956 3290 1029 3333 cum
1051 3266 1229 3332 Publilium
1251 3288 1270 3312 ⁰

76 3369 278 3435 testimoniis
301 3377 449 3434 veterum
472 3381 658 3454 auctorum,
683 3371 840 3436 Senecam
863 3371 1011 3435 codicum
1033 3371 1229 3433 auctoritate
1257 3426 1288 3433 ,
1366 3374 1368 3379 “
1437 3448 1440 3456 ,

79 3469 351 3536 commendatum.
368 3471 528 3554 viderent,
553 3475 788 3538 sententiarum
811 3473 970 3557 originem
992 3473 1039 3541 ad
1057 3480 1230 3557 utrumque

76 3573 243 3639 referrent
266 3580 298 3634 ct
321 3571 477 3638 Senecam
500 3598 628 3662 quoque
650 3574 889 3669 philosophum,
914 3574 955 3637 de
970 3597 1034 3661 qua
1049 3595 1084 3636 re
1098 3571 1230 3636 aliunde

77 3700 149 3742 non
177 3681 320 3756 constat,
349 3675 465 3740 mimos
494 3675 547 3741 vel
576 3687 663 3742 certe
692 3678 870 3741 sententias
899 3675 1079 3761 singulares
1103 3697 1229 3762 compo·

152 3918 179 3980 *)
199 3916 291 3966 Etiam
310 3915 413 3968 codicis
426 3919 547 3969 Parisini
560 3920 627 3970 8049
645 3920 733 3983 prima
751 3919 900 3976 sententia,
919 3914 1037 3981 Adferri
1050 3919 1140 3982 potest
1158 3913 1230 3982 qnod

78 4002 151 4057 clari
163 4005 266 4069 potent,
286 4023 319 4056 cx
332 4008 440 4057 Seneca
459 4010 502 4054 est
520 4004 801 4068 desumptavepistss,
816 4007 855 4064 10,
874 4003 940 4054 item
959 4003 1080 4054 secunda
1100 4019 1133 4052 ac
1145 4003 1230 4060 tertia

76 4113 117 4133 =
135 4107 161 4143 v.
182 4093 206 4142 l.
225 4095 240 4141 2
259 4097 370 4142 nostrae
389 4089 527 4142 editionis.
1049 4094 1063 4149 ,ζ

134 4173 180 4237 **)
199 4177 274 4226 Idem
298 4182 390 4227 tamen
414 4191 469 4236 uno
491 4173 536 4224 vel
561 4173 649 4223 altero
672 4173 732 4223 loco
752 4173 896 4236 evulgari
919 4156 1120 4246 opinionefjpon
1139 4188 1229 4235 reces-

77 4261 154 4311 sisse
178 4261 302 4323 videtur,
327 4278 369 4314 ex.
388 4277 429 4326 gr.
452 4257 634 4324 spec-doctr.
652 4260 680 4318 4,
702 4260 762 4316 115,
787 4258 835 4307 ubi
858 4258 972 4322 legitur:
1000 4250 1144 4320 Eafproe.
1163 4254 1229 4321 Sap.

76 4341 240 4408 Difficilem
263 4346 367 4409 oportet
388 4341 484 4395 hebere
507 4348 601 4393 aerem
619 4339 657 4392 od
675 4339 802 4392 crim-ina.
837 4339 917 4392 Idem
935 4338 973 4391 ad
992 4339 1134 4392 Iniciliam
1153 4340 1229 4406 epist.

75 4435 105 4480 3.
126 4430 174 4478 ete.
211 4428 291 4493 Spec.
310 4428 418 4489 doct3,
433 4431 479 4477 171
501 4427 584 4477 editio
603 4429 711 4478 Veneta
731 4428 796 4476 anni
814 4429 879 4478 1494
897 4427 995 4489 habet:
1014 4423 1062 4477 Ex
1075 4424 1230 4491 proverbiis·

73 4511 210 4576 Senecae,
228 4511 356 4565 Nimiam
374 4509 533 4565 attercando
551 4509 654 4563 veretas
671 4509 820 4574 omttta'tar,
837 4532 871 4552 =
890 4527 915 4563 v.
933 4512 991 4562 416.
