3014 5116
485 393 761 442 emorrannum.
1159 383 1201 445 49
1256 372 1258 374 ’

141 546 232 626 Quid
259 548 378 609 mirum
401 568 438 611 eo
466 546 617 611 licentiae
640 548 839 635 processisse
860 551 1124 632 grammaticum,
1153 560 1204 632 ut,

49 671 128 711 cum
151 670 264 712 versus
287 647 331 711 ad
352 645 534 713 litterarum
558 649 704 715 ordinem
728 646 837 714 essent
859 650 1024 738 dispositi,
1054 650 1108 714 vel
1129 652 1201 738 ipsa

49 751 161 837 prima
184 751 420 814 sententiarum
442 739 603 816 vocabula
624 762 852 840 transponeret
873 762 929 816 aut
950 753 1147 835 immutaret,
1165 762 1202 816 ut

50 876 85 916 v.
109 854 185 918 233.
208 854 281 917 322.
326 852 397 916 lam
425 876 502 919 vero
531 877 610 941 quas
634 856 811 919 sententias
834 877 960 919 morum
983 855 1202 921 emendationi

51 954 186 1019 obstare
209 953 375 1037 credebat,
398 965 454 1020 aut
477 958 586 1022 omisit
608 966 664 1021 aut
687 959 840 1040 correxit,
863 967 900 1022 ut
922 957 1044 1023 frustra
1066 980 1201 1045 quaeras

50 1057 105 1122 his
130 1056 269 1121 similes:

164 1184 205 1242 20
226 1181 332 1256 Aperte
354 1185 434 1243 mola
456 1203 522 1244 cam
544 1190 584 1244 est
605 1188 718 1254 mutter,
741 1191 804 1244 turn
825 1187 940 1244 demum
962 1190 1002 1244 cst
1024 1187 1108 1244 botro.

164 1285 204 1343 38
218 1283 375 1373 ‘Amantia'
386 1289 596 1346 iusiurandum
612 1306 739 1361 poenum
761 1307 822 1346 non
843 1289 935 1347 habet.

165 1387 205 1445 98
229 1385 303 1446 Oura
323 1390 396 1447 uitio
411 1374 551 1462 prosunt,
564 1394 665 1463 peccat
687 1393 737 1463 qut
758 1395 830 1449 reete
851 1390 930 1462 facit.

143 1489 205 1546 541
229 1489 286 1564 Qui
301 1495 369 1564 pote
391 1492 481 1550 celare
502 1494 614 1561 vitiam,
636 1494 740 1549 uitium
761 1510 823 1550 oon
842 1491 923 1563 fucit.
1006 1562 1008 1569 Ι

53 1621 108 1684 Ne
131 1621 226 1706 pueri
247 1621 330 1684 vitia
353 1621 515 1698 seniorum
538 1622 754 1702 imitarentur,
770 1643 910 1684 mersum
931 1621 994 1685 633

267 1761 326 1821 Ubi
341 1769 442 1836 peccat
463 1769 543 1823 oetas
564 1758 667 1832 maior,
689 1765 764 1822 mule
786 1764 996 1845 discitmr'aor,
1097 1794 1107 1799 s

54 1895 107 1957 ita
127 1892 278 1957 refinxit:

218 2035 278 2094 Uet
297 2008 427 2095 aenedas
442 2042 552 2109 peccat,
574 2038 614 2096 ort
635 2054 719 2109 ouem
740 2014 847 2110 restabit
868 2037 1033 2109 supientia?

57 2165 112 2230 Of.
132 2166 229 2229 etiam
251 2188 283 2227 v.
299 2165 373 2229 448.
406 2165 569 2253 Denique
591 2165 754 2231 hominem
777 2165 1048 2230 christianumiin
1071 2187 1108 2231 eo
1129 2170 1206 2252 quo·

58 2290 125 2354 que
147 2289 316 2352 agnoscaS,
341 2267 427 2353 quod
451 2268 570 2333 multus
594 2277 644 2333 est
665 2271 698 2334 in
714 2266 879 2332 laudanda
894 2268 1093 2332 conscientia
1107 2277 1206 2349 recta,

59 2379 94 2433 et
118 2371 152 2433 in
175 2367 278 2433 malae
301 2368 522 2434 sollicitudine
545 2371 589 2436 ob
610 2370 720 2436 oculos
742 2369 902 2456 ponenda.
948 2369 1207 2435 Of.v.9t.196.

59 2471 136 2536 200.
160 2470 232 2539 665.
255 2471 326 2554 683.

16 2653 19 2664 ἱ
149 2571 260 2652 Quare
288 2575 344 2658 qui
372 2595 482 2637 secum
509 2576 726 2662 reputaverit,
756 2584 912 2660 quantum
942 2574 1122 2637 sententiae
1144 2571 1211 2655 Pus

57 2674 149 2738 'blilii
171 2676 206 2738 in
228 2674 340 2739 codice
356 2675 528 2740 Turicensi
550 2699 569 2740 a
591 2678 731 2764 pristina
746 2677 850 2742 forma
866 2675 1076 2758 desciverint,
1100 2674 1208 2738 facere

58 2799 128 2841 non
149 2779 279 2864 poterit,
297 2767 375 2864 quin
398 2779 501 2842 casin
518 2778 636 2844 scholis
660 2779 911 2844 christianorum
933 2778 1095 2863 lectitatas
1118 2775 1207 2841 ideo-

48 2901 127 2965 ¹que
149 2879 377 2967 depravationi
398 2880 541 2944 maxime
564 2881 723 2947 obnoxias
745 2882 847 2961 fuisse
870 2890 1008 2946 statuat:
1032 2879 1118 2944 unde
1134 2901 1207 2944 con-

60 2981 210 3047 firmatur
225 2982 422 3070 Hieronymi
442 2984 665 3047 testimonium
681 2984 722 3048 de
737 3007 800 3071 quo
815 3006 913 3071 supra
928 2983 1072 3048 diximus
1086 3004 1140 3070 pg.
1158 2981 1208 3047 14.

60 3083 108 3147 Et
130 3083 211 3148 haec
234 3084 366 3171 quidem
389 3083 429 3147 de
453 3084 574 3150 codicis
596 3086 674 3149 Tur.
697 3086 1017 3174 interpolationibus.

148 3187 183 3271 2)
207 3186 272 3252 Sed
295 3207 369 3250 cum
391 3186 650 3272 interpolationis
673 3189 769 3252 initia
790 3188 885 3253 claris
902 3185 1060 3275 exemplis
1077 3187 1208 3249 demon-

62 3297 166 3354 strata
195 3281 295 3376 supra
322 3289 487 3354 saeculum
514 3313 634 3356 nonum
662 3269 854 3373 ascendant,
888 3288 1107 3377 quaerendum
1137 3287 1209 3370 erit,

60 3413 141 3454 num
164 3392 261 3455 etiam
285 3391 413 3457 codices
438 3393 580 3474 PRBF,
605 3416 742 3481 quorum
763 3393 805 3457 ad
827 3393 927 3458 fidem
948 3401 1059 3458 nostra
1081 3398 1208 3454 senten-

62 3495 183 3557 tiarum
205 3495 351 3559 recensio
374 3495 462 3560 facta
485 3506 545 3580 est,
570 3495 732 3561 similibus
748 3495 1016 3581 vitiis'inquinati
1032 3493 1107 3556 sint.
1140 3489 1209 3554 Eos

65 3596 256 3680 integritate
285 3599 465 3684 scripturae
493 3597 589 3683 longe
617 3598 739 3662 distare
761 3621 780 3660 a
802 3597 973 3661 Turiccnsi
993 3597 1059 3658 iam
1082 3593 1211 3678 saepius

63 3695 191 3760 dictum
223 3706 288 3780 est,
316 3701 387 3762 sive
417 3700 503 3786 quod
532 3699 731 3786 exemplaria
754 3698 935 3786 exquibus
958 3695 1114 3782 descripti
1137 3702 1213 3773 sunt

61 3821 128 3862 non
149 3800 196 3864 ita
211 3800 505 3867 innumerabilibus
521 3803 691 3868 scatebant
705 3802 1015 3890 interpretamentis,
1039 3799 1110 3861 sive
1124 3795 1210 3891 quod

61 3899 206 3971 librariis
230 3904 309 3966 satis
332 3903 396 3968 fuit
417 3905 621 3992 prudentiae,
646 3915 681 3969 ut
704 3903 971 3992 interpolationes
993 3901 1035 3966 ab
1051 3901 1132 3987 ipsis
1149 3897 1210 3961 Pu-

60 4002 281 4068 bliliiverbis
306 4005 538 4072 discernerent.
583 4006 804 4072 Nihilominus
828 4007 972 4070 excitata
995 4015 1044 4068 est
1067 4001 1210 4088 suspicio

60 4105 135 4169 fieri
157 4108 303 4192 potuisse
326 4117 362 4171 ut
385 4108 546 4174 similibus
570 4108 611 4172 de
635 4096 883 4173 causis'similia
905 4109 988 4198 vitia
1009 4107 1210 4189 ingruerent.

147 4208 218 4273 lam
241 4209 328 4296 quod
350 4209 393 4274 ad
409 4213 683 4299 comparationem
698 4209 938 4275 adiectivorum
952 4209 1106 4295 pertinet,
1123 4200 1211 4268 haud

61 4309 222 4376 dissimile
239 4321 305 4395 est,
330 4312 416 4399 quod
439 4313 474 4376 in
497 4312 582 4376 Fris.
605 4312 728 4398 legitur
749 4335 779 4378 v.
795 4313 875 4396 2273
900 4309 1015 4375 similis
1040 4307 1163 4372 codicis
1179 4305 1214 4368 E

62 4412 284 4501 discrepantia
313 4438 344 4478 v.
368 4416 445 4479 317:
479 4415 520 4478 cf.
549 4414 660 4480 adnot.
689 4436 816 4502 quoque
843 4413 885 4477 ad
914 4435 946 4476 v.
972 4410 1044 4475 198.
1088 4407 1211 4472 Verum

112 4528 240 4568 Pnannms
255 4527 338 4568 Sinus.
838 4549 841 4559 ·
992 4521 1008 4568 4
