3044 5124
254 360 316 424 130
436 430 439 437 ,
646 371 866 422 snunuurmu
888 371 999 421 rnnso

258 592 284 601 ,
338 527 453 592 Omnis
481 527 537 613 qui
563 527 688 591 amicus
717 535 766 590 est
794 533 899 608 amat,
928 524 987 589 sed
1015 547 1080 590 non
1107 524 1213 591 omnis
1239 527 1299 612 qui
1319 536 1407 591 amat

861 629 984 692 amicus
1010 637 1070 692 est.

338 730 492 795 Omnium
515 739 565 795 est
588 731 767 795 communis
789 729 924 812 amicus,
948 730 1005 815 qui
1026 729 1131 794 hostis
1154 739 1205 797 est
1229 752 1374 797 suorum.
1463 780 1464 783 η

254 839 315 897 275
339 832 472 898 Oriente
496 831 564 899 sole
586 832 769 915 consilium,
792 830 963 896 occidente
985 833 1185 898 convivium.

338 935 456 999 Pacem
479 956 553 999 cum
574 934 761 999 hominibus
784 930 932 1016 habebis
955 931 1078 999 bellum
1101 957 1175 1001 cum
1198 934 1305 1000 vitiis.

337 1036 541 1101 Parcendum
575 1046 624 1102 est
656 1033 880 1123 improbandis
908 1035 1055 1121 civibus,
1088 1060 1155 1103 non
1182 1035 1284 1101 aliter
1310 1058 1406 1123 quam

862 1136 1017 1203 membris
1040 1138 1289 1225 languentibus.

337 1241 458 1305 Parere
480 1241 564 1304 scire
586 1261 646 1327 par
668 1239 805 1327 imperio
827 1236 933 1324 gloria
956 1249 1014 1305 est.

336 1344 443 1407 Parvo
465 1342 569 1406 fames
592 1350 729 1425 constat,
752 1362 872 1425 magno
894 1339 1075 1407 festidium.

253 1451 315 1509 280
337 1444 412 1508 Pati
434 1465 567 1509 necesse
590 1453 638 1508 est
660 1442 764 1507 multa
785 1440 956 1508 mortalem
979 1443 1074 1510 mala.

337 1546 448 1610 Patria
468 1554 530 1629 est,
553 1545 750 1631 ubicumque
761 1544 856 1609 “uene
878 1545 1014 1609 vixeris,

336 1647 500 1712 Peccandi
523 1646 754 1712 verecundiam
776 1647 858 1711 facit
880 1648 952 1734 ipsa
973 1645 1147 1713 clementia
1169 1649 1329 1735 regentis.

337 1751 479 1814 Peccare
500 1748 587 1814 nolle
609 1748 791 1836 triumphus
814 1750 1020 1814 innocentiae
1042 1760 1103 1816 est.

337 1853 458 1917 Pecoat
481 1852 643 1935 voluntas,
668 1853 730 1917 etsi
751 1849 877 1915 nullum
899 1852 1022 1916 crimen
1046 1862 1106 1918 est.

256 1960 318 2020 285
340 1955 505 2018 Pecuniae
527 1956 698 2042 imperare,
721 1975 786 2018 non
809 1953 932 2017 servire
955 1956 1120 2020 convenit.

337 2056 482 2121 Pecunia
504 2079 571 2122 non
593 2056 859 2139 satiatorum,
883 2055 941 2119 sed
963 2057 1082 2122 irritat.

337 2157 511 2222 Perdenda
534 2166 609 2222 sunt
630 2156 744 2242 multa,
768 2167 805 2222 ut
827 2156 927 2222 semel
949 2180 1052 2245 ponas
1075 2158 1172 2224 bene.

328 2260 428 2324 ‘Perit
450 2258 614 2347 voluptas,
638 2260 744 2325 virtus
767 2259 960 2326 immortalis
984 2269 1044 2326 est.

337 2362 499 2428 Pestifera
521 2363 573 2428 vis
595 2362 707 2426 valere
728 2361 771 2426 ad
793 2362 988 2428 nocendum.

253 2471 315 2529 290
337 2465 455 2552 Pipere
479 2465 535 2551 qui
556 2463 713 2548 abundet,
736 2463 878 2529 oleribus
901 2467 1017 2530 miscet
1038 2465 1144 2554 piper.

336 2565 515 2653 Plerosque
541 2565 711 2633 hominum
741 2567 776 2630 in
799 2566 950 2632 domibus
977 2568 1203 2650 saevissimos,
1236 2569 1274 2632 in
1297 2569 1413 2634 alienis
1476 2591 1485 2644 Q

860 2668 1061 2734 humillimos
1084 2691 1210 2735 servos

338 2753 536 2858 Plerumque
559 2770 700 2834 similem
723 2770 814 2835 ducit
835 2769 878 2834 ad
901 2769 1041 2835 similem
1065 2770 1156 2836 deus.

338 2871 477 2937 Plurimi
498 2882 577 2959 quot
599 2895 724 2956 servos,
747 2871 884 2937 totidem
905 2870 1015 2938 hostes
1038 2872 1172 2939 habent.

339 2973 521 3038 Plurimum
544 2975 600 3061 qui
622 2976 679 3058 sis,
702 2996 768 3041 non
790 2974 846 3061 qui
868 2973 1031 3057 habearis,
1054 2975 1203 3041 interest.

149 3075 153 3084 '
255 3083 316 3141 295
339 3074 447 3141 Pluris
471 3076 618 3142 docentis
641 3078 711 3142 vita
734 3099 831 3163 quum
846 3078 1026 3166 sententia.

187 3371 196 3393 .
341 3303 402 3362 273
425 3305 458 3375 Q.
477 3306 540 3363 Seu.
558 3307 638 3380 epist.
655 3304 706 3378 35,
725 3306 739 3362 1
848 3305 909 3363 274
933 3306 964 3376 Q.
981 3305 1057 3362 Ceec.
1072 3305 1144 3363 Belb.
1159 3305 1220 3362 Per.
1238 3306 1274 3379 2,
1290 3325 1341 3382 pg.
1359 3307 1407 3380 37,

254 3388 307 3445 Cio.
327 3389 403 3446 Verr.
421 3391 449 3463 1,
467 3390 517 3464 15,
534 3390 573 3449 38
641 3390 701 3448 275
726 3391 757 3459 Q.
774 3389 849 3448 (laec.
865 3389 937 3446 Bulb.
954 3391 1012 3446 Par.
1029 3390 1081 3462 40,
1097 3410 1143 3465 pg.
1155 3390 1196 3446 41
1266 3390 1330 3449 276
1353 3394 1405 3448 Ρη.

253 3474 289 3529 lte
305 3491 373 3531 mor.
391 3475 432 3532 34
447 3476 510 3533 coll.
527 3475 589 3533 Seu.
609 3476 689 3550 epist.
707 3474 758 3546 87,
775 3474 810 3532 9
902 3475 962 3533 277
988 3476 1037 3532 Ge.
1054 3475 1115 3531 Seu.
1133 3476 1167 3532 de
1182 3475 1262 3533 clem.
1283 3478 1319 3549 1,
1337 3476 1372 3549 5,
1390 3478 1405 3532 1

253 3558 261 3572 ’
317 3559 377 3618 278
401 3561 450 3618 Ρ1.
468 3560 545 3618 Caco.
561 3559 634 3624 Belh.
651 3560 722 3616 Mon.
740 3560 789 3633 18,
804 3578 852 3634 pg.
870 3559 910 3618 26
984 3560 1045 3618 279
1070 3562 1123 3618 Bo.
1140 3560 1200 3617 Son.
1217 3563 1299 3636 epist.
1320 3563 1372 3634 17,
1387 3562 1407 3616 4

345 3644 407 3703 280
429 3646 478 3703 Ps.
571 3645 630 3703 281
657 3646 707 3703 (10.
723 3645 759 3701 lle
775 3662 844 3702 mor.
859 3644 900 3703 43
999 3645 1059 3704 282
1084 3647 1132 3702 Go.
1149 3646 1212 3702 Sen.
1229 3645 1262 3702 de
1278 3646 1360 3705 clem.
1379 3648 1407 3718 1,
1475 3700 1476 3703 ,

159 3785 163 3797 ,
256 3729 342 3801 22,3
409 3729 470 3788 283
495 3729 1008 3805 (1120111810.Μοη.6,ρς.21
1078 3729 1138 3788 284
1162 3731 1196 3786 F.
1265 3729 1330 3789 285
1354 3733 1407 3803 Ρη,
1478 3724 1479 3784 ζ

253 3814 288 3869 F.
306 3813 345 3869 ol.
363 3831 445 3887 supra
461 3833 506 3889 pg.
524 3816 575 3888 96,
591 3815 631 3873 46
719 3814 780 3872 286
804 3814 830 3871 R
846 3823 874 3871 et
889 3816 940 3871 iam
956 3816 1010 3872 Ps:
1032 3815 1159 3872 Avorum
1174 3820 1192 3871 i.
1209 3834 1267 3872 non
1284 3833 1309 3872 S.
1324 3835 1356 3890 p.
1373 3817 1409 3872 ne

253 3914 324 3952 mor.
348 3898 407 3954 101
501 3899 561 3957 287
584 3902 634 3957 Pe.
654 3899 717 3956 Sen.
740 3900 773 3956 dc
792 3899 883 3956 benet.
907 3901 941 3972 1,
959 3899 993 3973 2,
1011 3900 1045 3972 1,
1067 3899 1114 3956 ubi
1134 3900 1273 3975 praecedit
1296 3919 1408 3958 versus:

258 3979 403 4038 ‘Beneficia
423 3984 450 4037 in
471 3983 569 4058 vulgus
590 4002 651 4042 cum
673 3985 765 4067 largiri
786 3985 967 4056 institueris’,
988 4002 1067 4059 quem
1084 3992 1111 4041 et
1130 3987 1220 4059 ipsum
1236 3988 1345 4062 recepit
1359 3987 1410 4042 Bo·
1487 4013 1488 4016 ¹

256 4067 332 4123 thius
424 4067 485 4124 288
508 4069 542 4125 17.
635 4069 695 4128 289
721 4064 770 4127 (11.
788 4070 851 4126 Sen
866 4070 991 4126 declem.
1009 4071 1039 4142 1,
1056 4070 1085 4139 3,
1102 4070 1120 4127 3
1214 4070 1277 4128 290
1302 4072 1357 4129 Bo.
1373 4071 1412 4126 Ex

253 4152 400 4225 proverbio
416 4169 515 4228 graeco
532 4170 574 4228 ep.
592 4152 693 4208 Eresm.
708 4154 840 4229 Adeg.3‚
856 4155 886 4227 3,
902 4154 942 4211 37
1030 4113 1090 4211 291
1115 4153 1411 4224 0011111011.
1477 4205 1479 4208 ,

199 4283 201 4287 .
258 4238 287 4306 7,
304 4255 350 4329 pg
369 4237 408 4304 38
479 4234 539 4295 292
563 4238 617 4295 Bo.
636 4238 714 4295 Hom.
732 4239 780 4295 Od.
799 4239 848 4310 17,
865 4239 925 4295 217
942 4256 980 4305 ως
995 4226 1095 4294 utu
1066 4256 1119 4295 τον
1134 4256 1239 4313 ομοιον
1254 4258 1325 4316 eyes
1341 4229 1413 4310 01ος
1476 4293 1477 4297 ,

256 4308 296 4388 ὡς
317 4309 370 4376 τὸν
392 4314 498 4396 ὁμοῖον
584 4323 645 4381 293
670 4325 701 4393 0.
716 4324 781 4381 Seu.
804 4326 883 4399 epist.
863 4322 962 4397 t‚47
979 4322 1006 4381 5.
1031 4323 1172 4383 Festuss.
1196 4343 1221 4381 v.
1242 4323 1318 4393 Quot
1341 4329 1414 4385 servi
1483 4359 1484 4364 κ

339 4405 399 4465 294
422 4409 457 4465 17.
473 4407 512 4464 01.
528 4425 672 4484 suprapg.
692 4409 763 4482 100,
780 4409 818 4467 63
895 4407 956 4515 295
980 4410 1015 4469 F.
1483 4409 1484 4413 ’
