3014 5116
292 368 334 431 60
605 359 608 364 ’
712 346 1000 425 4444444444.

291 533 453 602 Publilius
487 524 706 597 dubitavisset
739 530 797 616 (44.
825 553 857 594 v.
880 529 943 594 245
970 531 1018 593 444
1047 530 1186 593 44444444
1213 528 1335 593 4444443
1361 525 1430 610 4441,
1478 570 1479 575 4

291 639 356 702 nisi
389 645 528 700 metrum
556 634 763 698 coniunctivo
798 632 1029 716 refragaretur.
1075 628 1169 710 Quae
1199 628 1329 714 reliqua
1366 637 1433 692 sunt
1463 613 1465 624 .

289 739 476 824 imperativi
509 735 674 823 exempla,
710 758 743 798 v.
775 736 833 797 111
868 755 940 799 4444
973 736 1141 814 4444444444
1180 733 1337 812 4444444443,
1381 731 1433 794 120

290 863 362 905 4444
384 842 521 904 44444444
541 840 671 921 4444443,
704 837 769 900 424
795 837 861 900 4444
883 841 1088 916 contemnere,
1118 833 1287 896 notissimi
1310 835 1434 896 suntin

187 960 189 964 ’
291 941 433 1006 vetando
460 940 615 1027 loquendi
645 940 818 1022 circuitus,
849 935 914 1000 alia
942 934 1085 1001 tollenda
1116 934 1269 1015 fuerunt,
1300 957 1375 998 cum
1400 957 1435 1005 ne

291 1043 438 1108 codicum
466 1043 599 1129 quidem
626 1041 823 1105 testimoniis
852 1037 1037 1121 firmentur,
1066 1037 1163 1101 sicuti
1195 1058 1227 1099 v.
1255 1036 1276 1098 2
1307 1042 1433 1118 expecto,

291 1145 332 1210 75
347 1150 417 1227 4344,
442 1144 500 1208 127
518 1145 648 1226 loquere,
671 1143 862 1224 sublapsae
884 1140 1022 1204 alienam
1045 1140 1206 1223 originem
1228 1137 1357 1223 prodit,
1382 1159 1435 1201 nec

291 1255 378 1310 stare
399 1255 527 1333 poterat
548 1269 580 1310 v.
606 1246 677 1328 167,
701 1244 789 1331 quod
811 1243 916 1308 codex
939 1242 970 1306 R
993 1240 1130 1305 suadere
1152 1238 1290 1304 videtur

366 1464 370 1468 ‚
494 1389 631 1446 44444444
652 1406 718 1446 cam
740 1387 898 1453 blanditur,
921 1388 1006 1456 coptu
1028 1385 1098 1442 44444
1118 1384 1206 1440 44444.

295 1517 347 1581 vel
369 1524 478 1600 cepta:
493 1525 567 1583 44444
588 1520 679 1582 44444.
753 1561 755 1565 ψ

377 1654 496 1717 Iam
471 1678 499 1717 s1
522 1655 593 1739 quis
618 1655 651 1717 in
674 1650 877 1716 admonendo
902 1650 1042 1741 tuturo
1071 1649 1174 1712 utitur
1197 1647 1257 1731 (44.
1284 1648 1328 1710 (14
1350 1649 1439 1711 mori·

293 1756 353 1819 bus
375 1756 417 1820 29
439 1757 607 1820 abstinebis
629 1756 669 1820 44
692 1756 794 1818 4444444
816 1753 1035 1830 matrimonio,
1062 1751 1104 1828 30
1120 1750 1309 1831 praestabis
1325 1772 1440 1832 parea

294 1859 375 1921 444443
389 1859 548 1939 pietatem,
572 1858 623 1921 312
636 1857 786 1920 4444444443
808 1853 1046 1937 crudelitatem),
1069 1861 1193 1916 tantam
1217 1872 1300 1937 prae
1323 1872 1359 1915 se
1382 1851 1440 1914 fert

291 1958 455 2040 fiduciam,
471 1968 507 2022 ut
523 1958 602 2044 quin
623 1958 806 2043 praeceptis
823 1957 890 2019 suis
906 1954 1161 2041 obtemperaturi
1176 1954 1294 2035 simus,
1320 1975 1362 2016 ne
1386 1953 1438 2016 du-

293 2059 399 2122 bitare
422 2058 554 2144 quidem
578 2058 739 2122 videatur.
785 2048 890 2137 Quod⁸
908 2079 980 2120 cum
996 2080 1060 2122 non
1077 2058 1183 2119 minus
1200 2055 1352 2119 alienum
1368 2057 1442 2118 sita

212 2237 216 2245 Ι
294 2159 484 2224 condicione
510 2151 641 2246 poetae,
671 2159 816 2222 futurum
845 2147 1257 2233 nonadmisitPublilius
1284 2158 1353 2240 nisi
1376 2179 1442 2221 raro

190 2265 191 2269 ’
295 2259 470 2326 admodum
492 2263 526 2324 in
549 2260 706 2343 docendo,
730 2281 761 2323 v.
784 2261 836 2324 41.
852 2261 924 2342 514,
948 2281 1123 2345 numquam
1146 2261 1180 2322 in
1203 2259 1353 2322 secunda
1377 2281 1442 2345 per-

295 2385 382 2428 sona.
428 2362 516 2426 Hine
545 2385 665 2450 parum
687 2361 815 2426 aceedit
841 2360 1084 2450 probabilitatis
1112 2361 1314 2424 coniecturis
1343 2384 1377 2424 v.
1408 2361 1444 2424 73

169 2525 173 2533 .
276 2468 354 2548 ,(444,
378 2465 440 2529 656
462 2467 597 2548 41444443,
621 2464 684 2529 658
705 2469 856 2548 44443443,
880 2462 1039 2528 librorum
1061 2464 1242 2549 scripturae
1269 2462 1331 2527 147
1356 2468 1443 2545 capet,

297 2566 357 2629 129
385 2567 531 2633 decrescet
536 2616 546 2650 ,
579 2566 643 2631 219
670 2569 794 2645 3444444,
828 2566 891 2629 662
913 2567 1080 2647 repperire,
1112 2561 1200 2627 nulla
1228 2586 1368 2649 prorsus
1397 2564 1444 2627 his

295 2665 501 2732 lec-tionibus:
526 2690 558 2731 v.
584 2669 623 2732 10
642 2668 754 2749 444443,
781 2668 821 2731 19
842 2670 983 2748 4444444443,
1007 2667 1048 2730 95
1069 2668 1181 2744 4444443,
1208 2665 1268 2728 127
1295 2668 1442 2747 44444443,

295 2769 355 2832 331
377 2769 483 2848 sactes,
507 2769 598 2833 395
586 2772 733 2853 44444443,
756 2778 903 2856 praesert
905 2771 949 2831 im
966 2790 1038 2830 cum
1057 2768 1208 2833 coniunct
1209 2768 1287 2831 ivus
1306 2789 1367 2855 per
1383 2789 1445 2830 me·

296 2878 383 2932 trum
406 2891 509 2954 aeque
531 2869 637 2934 locum
660 2870 789 2934 habeat
872 2919 878 2928 .

380 2969 496 3056 Itaque
525 2993 677 3057 praesens
706 2974 857 3036 coniunct
859 2973 906 3035 ivi
933 2948 1072 3058 imperat
1073 2973 1121 3035 ivi
1148 2970 1218 3035 loeo
1241 2973 1393 3057 positum
1414 2972 1445 3033 iu

220 3117 221 3120 4
297 3081 450 3157 praecept
451 3072 478 3134 is
437 3072 677 3136 tmoralibus
701 3074 769 3137 fere
784 3083 911 3158 regnat,
935 3097 967 3136 v.
983 3076 1004 3137 2
1026 3079 1168 3155 expect&
1192 3073 1327 3156 8444443,
1348 3075 1443 3154 ferae,

300 3173 339 3235 19
360 3174 515 3251 44444443,
551 3174 610 3237 108
634 3194 738 3256 copas,
770 3176 865 3240 113
852 3178 1019 3254 444344443,
1052 3174 1146 3239 1274
1135 3175 1293 3255 44444443,
1327 3170 1474 3256 4494443,’

300 3274 395 3338 1374
382 3276 501 3354 4444443,
527 3276 587 3340 176
607 3277 708 3356 44443,
732 3298 769 3341 44
771 3279 888 3358 pes
875 3278 984 3341 8181
970 3278 1031 3340 190
1050 3277 1151 3356 ferus,
1174 3274 1248 3338 224.
1270 3276 1349 3350 245.
1374 3275 1444 3338 249.

186 3384 189 3390 “
296 3375 377 3541 Ξὲξε
404 3376 541 3544 34485
509 3376 581 3441 359.
619 3377 691 3441 370.
725 3379 797 3442 379.
831 3378 904 3445 423
941 3378 1014 3441 472.
1048 3375 1227 3440 474510.
1261 3377 1339 3441 509.
1373 3377 1445 3440 553.

210 3485 213 3491 ’
397 3477 417 3540 6

383 3578 513 3659 Quibus
547 3581 576 3643 si
608 3581 854 3644 adiunxerimus
888 3581 1072 3666 praesentia
1105 3580 1258 3644 coniunet
1259 3581 1327 3661 ivi,
1365 3600 1447 3666 quae

298 3688 353 3766 pot
357 3689 410 3743 ent
341 3680 485 3744 ttialis
508 3680 614 3745 locum
637 3683 703 3746 obt
680 3691 796 3763 ttmen,
820 3683 906 3746 v.81
928 3684 1047 3763 perdas
1071 3684 1111 3766 (14
1112 3704 1131 3743 4
1099 3681 1230 3760 4,·1147
1254 3679 1357 3766 vulgo
1375 3704 1446 3764 por·-

298 3783 347 3845 4443
370 3802 413 3843 ex
435 3782 651 3865 coniectura),
681 3784 722 3847 95
744 3785 873 3862 444443,
898 3785 974 3848 185
972 3789 1101 3865 repetas
1065 3780 1228 3866 aalmale
1251 3782 1288 3844 F
1306 3784 1447 3867 44444431,

298 3882 361 3944 242
377 3902 483 3963 pecces
505 3882 589 3966 (var.
612 3881 634 3946 l.
651 3884 793 3966 peccas),
816 3884 889 3962 252.
914 3885 974 3949 331
996 3886 1116 3965 444443,
1140 3884 1203 3948 382
1225 3887 1361 3963 44434443,
1387 3885 1448 3948 408

298 4004 412 4060 344443,
442 3984 505 4046 579
521 4003 655 4063 parens,
685 3985 881 4050 6454444443
903 3986 987 4069 (var.
1009 3984 1067 4048 l.
1054 4008 1121 4050 4444
1116 3985 1202 4068 tus),
1233 3985 1267 4046 in
1290 3981 1344 4048 his
1369 4007 1448 4071 quo-

300 4107 362 4171 que
391 4085 566 4147 enuntiatis
589 4084 766 4151 Publilium
795 4086 941 4151 consulto
970 4087 1122 4171 effugisse
1149 4085 1372 4151 indicativum
1401 4109 1449 4150 sc-

301 4185 425 4250 cundae
452 4207 609 4273 personae
637 4185 733 4250 facile
761 4187 968 4252 concedetur.
1015 4186 1121 4252 Semel
1148 4196 1278 4251 tantum
1310 4211 1344 4251 v.
1374 4189 1451 4270 530,

186 4351 188 4356 .
271 4360 274 4368 J
300 4285 513 4372 praecedente
540 4290 701 4366 4444444443,
731 4279 1058 4373 841314444313444414
1081 4289 1216 4353 exhibet
1237 4291 1299 4354 4443
1319 4296 1453 4372 partem

301 4410 358 4475 pro
381 4411 429 4471 eo,
453 4389 540 4476 quod
563 4411 605 4454 ex
627 4391 813 4455 coniectura
834 4391 1048 4476 reposuimus,
1071 4393 1140 4470 443,·
1163 4400 1195 4455 44
1217 4413 1250 4454 v.
1274 4390 1351 4474 592,
1375 4413 1455 4457 cum
