3044 5124
278 393 319 456 96
596 405 752 453 surarum
774 405 852 453 sum
875 404 1106 454 suuruumnu.

360 561 499 625 Occasio
522 580 620 644 aegre
643 558 787 639 offertur,
810 556 909 620 facile
930 557 1102 622 amittitur.

274 681 341 720 mov.
364 661 522 726 Peeeaudi
549 663 611 726 duo
638 665 713 725 suut
737 680 869 742 peuera,
899 660 991 724 atiud
1017 680 1054 724 aa
1069 659 1250 741 proposito,
1282 653 1424 722 atiudeu

885 761 1087 844 uepbepemtia.

361 865 512 947 Plerique
533 869 616 928 metu
632 884 763 945 peccare
785 868 913 941 cessaut,
936 883 1002 926 um
1022 863 1213 927 iuuoomtia.

362 966 510 1046 Profecto
532 966 610 1030 tales
631 966 744 1042 timidi,
766 985 832 1028 uou
853 965 1029 1029 iuuoceutes
1050 965 1182 1028 amma

198 1152 199 1155 Ἴ
363 1067 563 1149 Priusquam
578 1068 748 1149 promittas
769 1067 924 1145 deliberes,
947 1071 984 1130 ut
1004 1087 1075 1131 oum
1089 1066 1284 1148 promiseris
1303 1065 1413 1146 facias.
1480 1077 1481 1120 1

299 1177 342 1234 40
365 1168 467 1232 Prius
487 1169 516 1232 si
537 1169 708 1250 uepauems,
729 1168 837 1247 secisse
854 1173 963 1251 postea
982 1168 1093 1248 saltere
1114 1172 1167 1232 est.
1216 1153 1222 1162 Χ

364 1270 500 1352 Propter
523 1289 652 1335 causam
672 1270 773 1335 muita
799 1273 900 1335 amico
922 1270 1028 1348 dabis,
1056 1270 1175 1333 multae
1197 1289 1318 1334 causae
1340 1271 1429 1334 etiam

886 1376 996 1435 eoutra
1018 1372 1165 1435 amicum.

368 1473 434 1538 Pro
456 1494 490 1538 eo
512 1473 687 1556 reliyiosior
708 1475 780 1556 eris,
802 1493 862 1554 quo
884 1473 1005 1537 metior.

364 1575 554 1640 Praestabis
569 1575 758 1656 parmtibus
776 1576 934 1656 pietatem,
957 1574 1097 1657 copuatts
1119 1574 1328 1638 dilectionum.

281 1682 295 1695 ‘
365 1677 551 1742 Praestabis
573 1678 685 1740 amieis
705 1677 808 1759 fidem,
832 1677 978 1741 omuibus
999 1676 1198 1756 aequitatem.

304 1786 345 1843 45
370 1779 487 1844 Pacem
508 1799 580 1843 cum
600 1778 780 1843 homiuibus
800 1778 935 1869 babebis,
959 1778 1071 1842 betium
1093 1797 1164 1841 cum
1185 1778 1284 1842 uitiis.
1371 1821 1373 1823 -

366 1880 525 1945 Pacuuiae
545 1882 703 1975 imperare
724 1871 849 1962 oportet,
870 1900 936 1944 uou
956 1881 1080 1944 seruire.

367 1982 511 2047 Peouuia
533 1984 562 2046 si
583 1984 632 2046 uti
652 1983 744 2061 seius,
768 1982 886 2047 aucibta
908 1986 966 2060 est,
988 1983 1018 2045 si
1038 1983 1168 2059 ueseias,
1193 1982 1339 2047 dmuiua.
1455 2041 1456 2045 ,

367 2083 510 2148 Pecunia
531 2104 597 2148 uou
617 2085 716 2148 satiat
736 2085 920 2166 auaritiam,
942 2084 996 2147 sect
1016 2084 1139 2146 imitat.
1425 2166 1429 2170 ,

368 2184 540 2250 Putamtus
560 2189 605 2249 est
624 2189 703 2250 recte
721 2186 836 2265 fortior
857 2186 913 2267 qui
926 2186 1117 2268 ¹cupiditates
1138 2205 1237 2266 quam
1252 2186 1313 2266 qui
1336 2185 1432 2248 bostes

886 2287 1007 2355 subicit.

222 2376 228 2389 ³
310 2397 351 2453 50
374 2388 491 2453 Peiora
512 2393 588 2453 suut
607 2393 685 2453 mata
707 2390 781 2453 odia
802 2409 899 2471 quam
920 2393 1011 2470 apert
1033 2438 1040 2451 .
1119 2442 1124 2449 .

367 2491 544 2574 Propterea
571 2495 599 2555 te
626 2491 742 2571 toquau
768 2492 917 2554 iuimicus
937 2492 1044 2554 miuus
1066 2509 1163 2571 quam
1184 2491 1370 2556 taciturnus
1390 2491 1432 2571 of·

884 2593 994 2672 feudi.

374 2693 563 2760 Proximum
590 2695 631 2758 ab
658 2695 838 2759 iuuocmtia
869 2699 950 2758 teuet
975 2695 1075 2758 bocum
1106 2695 1285 2759 uerecuuda
1312 2696 1433 2777 peceati

887 2796 1044 2875 coufessio.

283 3039 417 3082 comeus
433 3042 459 3078 v.
474 3023 658 3081 436-449:
674 3025 703 3079 F
715 3021 777 3096 (T),
799 3023 928 3080 Proverb.
943 3025 1027 3080 PRF
1038 3021 1120 3095 (EC),
1136 3023 1170 3079 M

282 3166 326 3213 tur
341 3159 421 3213 citius
437 3160 473 3230 F,
490 3158 534 3214 abi
551 3175 644 3215 omnes
659 3168 786 3232 peccant,
808 3176 871 3232 spes
887 3159 1012 3233 querelae
1028 3157 1158 3231 (medelae
1173 3158 1345 3230 Froebliob)
1360 3159 1431 3214 tolli·

281 3252 326 3297 tur
335 3243 366 3298 Τ.
385 3243 432 3315 Cf.
440 3263 464 3301 u.
472 3243 544 3301 435.
567 3238 677 3299 'Omnes
688 3261 749 3300 oum
761 3245 874 3318 peacbnt
882 3244 998 3315 occulte,
1005 3244 1117 3318 pe'coant
1127 3245 1227 3299 iterum
1238 3245 1321 3298 citius
1327 3244 1431 3317 Meyer

367 3327 406 3384 36
430 3345 514 3384 unum
530 3336 567 3384 ex·
578 3345 657 3402 prop.
674 3330 752 3386 Viuo.
761 3328 920 3402 B.sp.d.4,
930 3329 1001 3399 106,
1014 3345 1096 3384 unam
1113 3346 1177 3400 sup.
1188 3345 1248 3385 scr.
1262 3328 1306 3384 vel
1321 3329 1432 3384 aliudE

285 3404 287 3408 ’
365 3429 397 3468 ex
413 3414 486 3487 negl.
502 3413 751 3487 veliragibtateF
815 3415 875 3472 -37
897 3414 934 3487 pl.
950 3430 1015 3469 vero
1032 3421 1106 3469 metu
1127 3414 1209 3471 Viuo.
1226 3431 1269 3490 sp.
1283 3413 1356 3482 u.4‚
1371 3413 1428 3470 106

292 3528 300 3540 s
365 3497 405 3554 38
428 3498 553 3572 proiecto
577 3499 644 3554 tales
659 3501 716 3556 ΜΕ
737 3500 813 3576 Vina,
835 3498 965 3571 4,106:
988 3498 1115 3572 proiectu
1136 3499 1202 3554 tales
1223 3500 1268 3570 R,
1290 3498 1429 3572 proiectus

281 3582 341 3638 talis
353 3584 381 3638 P
479 3583 519 3641 39
543 3578 687 3661 deliberes]
704 3584 848 3658 providere
864 3583 946 3640 debes
970 3585 1048 3641 Viuo.
1065 3584 1100 3639 B.
1117 3601 1162 3655 sp.
1178 3586 1206 3640 d.
1221 3583 1252 3653 4,
1270 3583 1331 3640 175

280 3661 325 3743 ut]
341 3675 368 3724 et
383 3669 416 3724 M
430 3667 470 3725 25
550 3663 625 3744 cum]
644 3668 717 3742 quod
741 3669 820 3726 Viuo.
908 3667 948 3723 41
972 3663 1100 3744 propter]
1116 3668 1262 3742 praeterb
1335 3676 1430 3723 contra

206 3760 208 3769 ‘
281 3753 367 3807 amico
383 3753 435 3808 PR
543 3753 584 3810 43
607 3752 648 3809 44
670 3754 705 3810 Μ
718 3753 759 3812 30
871 3747 1058 3828 dilectionem]
1075 3753 1271 3826 indulgentiam
1287 3753 1320 3808 M

280 3835 322 3891 45
345 3835 432 3892 Μ34
519 3836 559 3894 46
582 3838 670 3894 Μ58
761 3839 802 3895 47
824 3839 938 3912 pecunia
953 3838 1032 3895 14Εο
1054 3839 1132 3895 Viuo.
1146 3839 1182 3893 B.
1199 3853 1243 3909 sp.
1258 3840 1287 3892 d.
1304 3837 1336 3909 4,
1355 3836 1430 3893 144:

280 3921 422 3993 pecuniam
437 3921 490 3976 PR
591 3925 694 3978 nescias
709 3924 806 3981 PRE:
821 3924 909 3979 neseis
924 3924 953 3979 F
975 3925 1053 3980 Viuo.
1155 3922 1195 3978 48
1219 3924 1357 3979 avaritiam
1373 3921 1434 3979 ΒΜ

282 4005 357 4062 101:
381 4007 490 4061 avaritia
506 4006 545 4078 P,
568 4023 675 4063 avarum
689 4010 759 4081 ΜΕ,
775 4025 870 4064 aurum
887 4008 909 4064 0
998 4007 1047 4073 49
1070 4008 1106 4063 M
1117 4007 1169 4079 81,
1193 4007 1273 4064 Vino.
1290 4008 1328 4062 B.
1345 4024 1389 4080 sp.
1405 4009 1430 4062 rt.

283 4089 315 4160 4,
334 4088 402 4145 144.
419 4089 450 4162 5,
467 4089 507 4147 25
614 4088 726 4168 subicit]
746 4095 839 4149 vicerit
861 4092 939 4149 Vino.
957 4093 986 4164 5,
1002 4091 1054 4163 25,
1069 4111 1108 4149 an
1124 4091 1244 4165 subigit?
1354 4109 1431 4166 quam

283 4175 328 4247 qui
344 4176 416 4232 MP:
440 4184 576 4250 tamquam
591 4177 688 4247 PRE,
711 4186 770 4250 put.
788 4187 830 4233 est
850 4178 929 4233 fortis
946 4180 992 4251 qui
1012 4176 1110 4232 subicit
1128 4178 1190 4232 vitia
1206 4173 1291 4249 quasi
1301 4178 1396 4233 hostes
1413 4175 1434 4231 C

365 4260 415 4318 50.
439 4261 477 4317 51
502 4261 554 4318 EC
575 4261 708 4337 tunam.
725 4279 769 4334 sp.
787 4265 814 4319 d.
831 4261 862 4333 4,
881 4260 951 4333 135,
967 4263 1001 4318 Μ
1013 4261 1054 4335 52
1155 4263 1353 4335 perniciosiora
1369 4263 1430 4318 cort.

280 4345 378 4401 Poris.
393 4344 476 4401 4841
565 4346 626 4402 odia
641 4365 693 4403 om.
718 4348 798 4404 Vino.
884 4341 1044 4422 propterea]
1060 4348 1153 4420 itaque
1168 4348 1201 4403 M
1286 4340 1388 4403 tacitus
1403 4346 1435 4402 M

366 4429 405 4485 52
428 4430 462 4508 ab
482 4433 635 4488 innocentia
650 4431 766 4488 PbRE:
787 4432 820 4486 ad
841 4433 1023 4488 innocentiam
1039 4433 1068 4488 Ρ
1088 4433 1164 4489 Viuo.
1182 4433 1218 4486 B.
1235 4446 1277 4502 sp.
1295 4434 1323 4488 d.
1341 4432 1377 4504 5,
1395 4431 1432 4488 22
