3274 5280
539 431 813 481 raonasouaus.
1211 413 1250 480 31

9 611 11 620 ’
108 588 271 672 congestis
314 607 434 650 vanam
476 583 646 670 gloriolam
689 594 834 672 captaret
878 607 1033 671 suamque
1076 582 1252 647 editionem

107 691 268 770 omnium,
299 710 383 775 quae
411 688 568 752 haetenus
596 686 701 750 lucem
731 686 908 767 vidissent,
938 685 1159 773 plenissimam
1182 706 1252 747 esse

9 773 11 798 ³
106 790 320 876 praedicaret.
365 789 461 853 Hane
483 799 608 853 tantam
622 788 737 853 iudicii
752 789 1001 875 perversitatem
1016 785 1143 850 duobus
1159 786 1251 849 annis

9 931 11 964 ι
106 903 179 980 post
205 893 326 956 iterum
355 890 517 976 prodidit,
547 881 620 954 cuin
650 891 826 955 sententias
849 889 1026 954 Bothianas
1056 887 1130 975 plus
1156 908 1252 973 quam

9 979 10 1040 Ῐ
106 1004 285 1074 trecentas,
318 983 397 1079 quas
427 993 498 1079 ipse
520 1013 563 1056 ex
585 992 717 1056 incertis
749 992 894 1058 fontibus
917 991 1048 1055 haustas
1073 1010 1143 1052 esse
1166 999 1253 1053 recte

107 1094 326 1176 intellexerat,
351 1093 569 1180 supplementi
591 1091 661 1157 loco
684 1095 801 1158 iterum
825 1092 967 1158 edendas
990 1092 1127 1156 curavit.
1162 1088 1251 1170 Quo·
1357 1103 1366 1111 '

108 1197 214 1259 minus
243 1206 354 1260 tamen
372 1195 558 1282 editionem
586 1194 692 1258 bonae
720 1196 824 1279 frugis
849 1203 1015 1282 expertem
1038 1214 1109 1256 esse
1133 1191 1251 1272 dicam,

9 1375 10 1384 χ
107 1296 282 1384 prohibent
310 1319 384 1360 eum
411 1295 476 1360 alia
482 1346 491 1379 ,
520 1305 588 1360 turn
617 1296 844 1360 adnotationes
877 1295 1036 1382 quaedam
1058 1294 1091 1359 J.
1116 1294 1253 1379 Caspari
1339 1351 1341 1356 .

108 1398 223 1464 Orellii
246 1399 313 1463 suis
337 1398 417 1463 locis
440 1400 592 1462 insertae.

191 1501 302 1564 Frid.
320 1499 643 1582 Hen1·.Bothius,
660 1489 828 1586 poetarum
843 1501 1064 1563 scaenicorum
1078 1497 1251 1562 latinorum
1311 1570 1318 1576 ι

9 1687 10 1692 ¹
108 1602 212 1666 editor
236 1600 419 1686 (Halberst.
438 1601 530 1683 1824,
553 1602 644 1688 Lips.
665 1603 770 1687 1834),
793 1613 902 1665 utrum
924 1600 997 1687 plus
1019 1600 1097 1664 boni
1113 1621 1154 1661 an
1174 1596 1251 1660 mali

110 1702 256 1768 attulerit
272 1702 426 1784 Publilio,
449 1726 513 1767 non
536 1702 633 1767 facile
656 1712 706 1766 est
727 1703 1048 1767 rad-diiudicandum.
1080 1701 1164 1764 Nam
1179 1709 1253 1786 post

9 1839 10 1844 1
107 1805 292 1870 Bentleium
320 1826 414 1868 nemo
437 1803 617 1869 Publilium
645 1804 765 1888 edidit,
795 1807 850 1890 qui
878 1805 924 1868 ita
951 1803 1086 1868 baberet
1108 1803 1250 1867 senario·

106 1930 177 1970 rum
191 1906 290 1991 'leges
313 1915 517 1992 perspectas,
546 1927 641 1970 nemo
665 1907 721 1992 qui
743 1904 991 1992 transponendis
1014 1903 1125 1968 verbis
1147 1913 1250 1967 metro

105 2009 235 2074 felicius
258 2007 459 2080 mederetur3
483 2029 543 2070 nec
564 2009 681 2072 minus.
696 2030 809 2072 verum
824 2016 874 2072 cst
893 2009 1056 2071 neminem
1070 2015 1161 2070 tanta
1176 2027 1261 2093 eon-v

105 2111 250 2175 iactandi
272 2109 406 2174 licentia
426 2119 610 2197 grassatum
634 2131 722 2191 csse,
745 2112 907 2174 neminem
930 2118 997 2174 tam
1018 2117 1129 2195 aperte
1152 2110 1249 2171 inter·
1290 2149 1292 2152 -

105 2211 239 2300 polandi
263 2212 314 2276 ius
338 2212 402 2276 sibi
424 2234 605 2296 arrogasse.
651 2211 731 2276 Cum
754 2220 863 2275 autern
886 2233 1038 2275 versuum
1057 2211 1249 2298 spuriorum,

105 2317 133 2378 si
157 2337 237 2400 quos
261 2314 403 2378 editores
418 2323 494 2377 ante
510 2334 581 2377 cum
599 2312 682 2376 male
697 2323 896 2399 receperant,
920 2313 1050 2377 iteratio
1067 2312 1250 2376 eonomine

9 2433 11 2440 “
106 2417 258 2481 excusari
280 2423 401 2502 posset,
426 2414 512 2501 quod
536 2436 577 2478 ex
593 2414 767 2479 'codicibus
782 2414 985 2500 interpolatis
1001 2413 1134 2477 deducti
1149 2423 1250 2495 crant,

9 2579 10 2594 ,
104 2518 244 2582 Bothius
267 2515 364 2581 titulo
386 2537 405 2578 a
429 2513 571 2580 Grutero
593 2518 760 2604 proposito
784 2516 835 2580 ‘L.
851 2517 979 2580 Annaei
1002 2515 1144 2582 Senecae
1166 2524 1197 2578 et
1213 2514 1250 2577 P.

105 2621 182 2709 Syri
204 2620 314 2700 mimi,
343 2618 454 2682 forsan
483 2619 581 2681 etiarn
609 2616 746 2682 aliorum
774 2618 956 2703 singulares
980 2617 1171 2682 sententiae'
1194 2616 1250 2678 ab·

102 2745 182 2787 usus
207 2744 245 2785 eo
268 2721 426 2807 processit
449 2718 615 2801 audaciae,
638 2730 674 2784 ut
697 2742 738 2784 ex
760 2720 1070 2807 paroemiographis,
1095 2740 1136 2780 ex
1151 2718 1249 2781 Eras-

102 2825 149 2886 mi
165 2823 318 2907 Adagiis,
341 2823 420 2885 item
443 2842 484 2884 ex
507 2820 670 2885 Joachimi
686 2821 867 2886 Camerarii
890 2831 921 2887 ct
942 2822 1019 2887 Jani
1034 2820 1156 2906 Anysii
1177 2840 1249 2883 sen-

102 2926 217 2990 tentiis
255 2923 434 3010 permultas
471 2923 684 3008 immisceret,
723 2946 805 3010 quae
822 2982 824 2995 ‚
841 2923 983 2988 Publilio
1019 2921 1251 3007 veteribusque

101 3037 238 3114 propter
267 3024 462 3110 elegantiam
491 3023 724 3090 sententiarum
752 3026 936 3113 probosque
965 3026 1163 3090 senariorum
1191 3047 1249 3086 nu·

9 3163 10 3166 ¹
100 3151 210 3192 meros
239 3119 305 3192 noir
333 3126 490 3212 indignae
511 3126 719 3211 viderentur,
751 3127 850 3214 idque
873 3150 944 3191 curn
968 3127 1032 3191 sibi
1054 3125 1249 3211 indulgeret,

100 3229 290 3314 legentibus
312 3237 503 3316 natantum
526 3229 658 3314 quidem
680 3229 812 3311 tribuit,
841 3238 878 3293 ut
899 3230 987 3294 unde
1009 3251 1111 3294 novos
1134 3250 1249 3292 versus

100 3333 298 3418 sumpsisset
331 3331 454 3418 ubique
487 3333 675 3395 nominatim
711 3330 844 3395 diceret.
890 3331 952 3396 Oui
985 3330 1126 3395 lubidini
1154 3330 1250 3416 plane

100 3432 303 3498 contrarium
327 3442 387 3515 est,
411 3431 499 3518 quod
522 3432 608 3496 idern
631 3432 808 3519 permultos
831 3455 945 3496 versus
965 3434 1000 3496 in
1014 3433 1146 3519 optimis
1162 3425 1249 3497 codi-

100 3536 197 3601 cibus
227 3535 315 3598 inter
336 3533 537 3610 Publilianos
566 3535 704 3600 traditos
733 3533 862 3599 stellula
888 3529 1002 3598 addita
1029 3535 1064 3597 in
1092 3535 1248 3620 suspicio-

99 3661 178 3701 nem
207 3658 326 3701 vocare
354 3635 442 3700 haud
471 3635 646 3700 dubitavit.
690 3633 783 3700 Haec
805 3636 912 3699 omnia
933 3633 1011 3698 licet
1033 3656 1090 3698 suo
1112 3635 1249 3699 arbitrio

9 3757 10 3760 ’
101 3741 227 3823 egisset
250 3777 288 3784 -
314 3739 459 3802 codicem
483 3739 569 3801 enim
592 3737 720 3802 viderat
742 3737 866 3802 nullum
882 3737 991 3799 -ita
1012 3745 1121 3799 tamen
1144 3734 1247 3822 philo-

101 3839 187 3925 logis
211 3862 305 3904 suam
328 3862 438 3904 curam
459 3839 622 3928 probavit,
645 3849 681 3904 ut
705 3841 774 3904 cius
798 3838 898 3902 editio
919 3860 978 3925 per
1000 3837 1124 3923 aliquot
1146 3837 1248 3903 lustra

100 3965 161 4027 pro
184 3943 307 4029 optima
329 3941 514 4006 haberetur.

188 4044 301 4108 Bothii
316 4044 467 4130 vestigiis
484 4045 652 4130 ingressus
669 4052 718 4108 est
741 4041 908 4108 Carolus
932 4041 1087 4108 Zellius
1112 4044 1247 4128 (Aucto-

99 4161 174 4208 rurn
197 4145 407 4210 classicorum
431 4146 604 4211 latinorum
628 4145 693 4211 vol.
718 4145 762 4210 X.
787 4145 909 4230 Stutlg.
935 4145 1047 4230 1829),
1080 4147 1115 4208 in
1137 4143 1247 4208 multis

101 4247 238 4329 invitus,
263 4248 292 4312 si
308 4248 440 4334 quidem
456 4249 634 4313 sententias
650 4270 669 4310 a
684 4247 803 4311 Bothio
816 4247 957 4328 additae,
982 4268 1061 4332 quas
1076 4268 1096 4308 a
1111 4244 1245 4309 Publilii
1291 4250 1295 4259 '

101 4347 248 4412 editione
280 4348 402 4413 alienas
437 4373 507 4414 esse
541 4329 752 4437 perspexerat
786 4349 923 4435 (passim
952 4351 1037 4412 enirn
1065 4345 1246 4428 adnotavit,

101 4449 191 4510 unde
212 4450 347 4514 haustae
370 4452 505 4536 essent),
529 4451 612 4514 bane
634 4450 676 4512 ob
699 4472 829 4512 causam
853 4450 992 4536 recepit,
1016 4471 1056 4512 ne
1079 4471 1156 4512 suae
1179 4448 1245 4513 edi·
