3014 5116
493 436 765 483 ruonneouusn.
1162 423 1200 485 21

145 590 215 654 Hos
246 589 374 654 codices
404 590 432 653 si
461 591 546 654 inter
574 613 609 654 se
637 612 824 678 comparare
853 589 951 672 velis,
981 589 1104 677 duplex
1132 613 1204 655 esse

55 704 167 780 potest
189 691 391 780 ponderandi
413 692 507 774 ratio,
531 694 776 758 sententiarum
789 692 860 759 sive
878 694 1005 778 copiam
1028 694 1098 756 sive
1121 695 1203 757 inte-

56 796 211 880 gritatem
236 794 445 881 spectaveris

115 904 117 909 ’
144 897 195 960 Ac
216 894 363 983 plerique
387 894 529 981 quidem,
554 918 634 982 quos
658 899 728 984 ipse
747 895 817 960 vidi
834 896 924 980 (sunt
939 905 1048 960 autem
1063 896 1203 984 amplius

56 999 209 1084 viginti),
239 999 318 1061 item
346 997 463 1082 quibus
492 996 633 1062 editores
661 999 712 1061 usi
741 1006 817 1062 sunt
844 1007 971 1063 tantum
993 1021 1057 1063 non
1080 1020 1203 1080 omnes,

55 1100 264 1187 paucissimis
288 1100 435 1185 exceptis
458 1099 588 1163 easdem
611 1099 680 1162 fere
702 1100 869 1164 continent
890 1101 1067 1164 sententias
1085 1122 1204 1186 easque

55 1224 137 1266 vere
159 1200 378 1282 Publilianas,
408 1222 490 1287 quae
513 1202 674 1288 incipiunt
697 1223 716 1264 a
738 1200 856 1266 litteris
879 1195 1001 1266 A—M
1018 1202 1060 1265 ad
1084 1200 1202 1266 ducen-

54 1315 107 1370 tas
131 1304 378 1392 quinquaginta,
403 1313 533 1367 nostrae
557 1303 710 1379 editionis
734 1327 766 1368 v.
790 1327 822 1368 v.
849 1304 951 1392 1-,34
974 1303 1053 1388 (A),
1077 1305 1203 1369 44-78

56 1406 132 1491 (Β),
148 1405 295 1471 85-105
312 1405 378 1491 (0),
400 1404 562 1469 123-138
580 1404 654 1490 (D),
673 1407 839 1471 147-162
856 1406 929 1493 (Ε),
948 1406 1115 1470 166-192
1130 1406 1202 1491 (F),

57 1508 226 1572 194-202
250 1506 325 1590 (G),
349 1506 518 1571 203-223
542 1504 627 1593 (Η),
650 1507 820 1572 230-263
845 1508 916 1593 (J),
938 1508 1106 1572 291-301
1131 1506 1202 1591 (L),

54 1609 228 1674 309-340
254 1608 341 1692 (M),
371 1607 499 1672 litterae
524 1607 563 1671 N
587 1607 715 1690 decem,
744 1609 930 1691 ert-386,
962 1631 1099 1695 quarum
1127 1607 1202 1673 ulti-

56 1733 110 1776 ma
126 1721 174 1776 est

217 1858 220 1860 ’
267 1829 416 1912 Nepoadi
435 1807 536 1894 &caasa
558 1851 656 1894 oraro
679 1850 854 1912 numquam
876 1831 994 1914 defficit:

55 2000 177 2065 deinde
198 2000 241 2063 ad
265 1998 444 2087 explendas
467 1998 593 2064 litteras
616 1999 732 2065 N—V
749 2001 878 2064 circiter
899 2009 1030 2064 centum
1045 2002 1202 2087 quinqua,
1271 2025 1273 2029 ·

54 2106 150 2189 ginta
172 2103 351 2166 sententias
374 2124 416 2165 ex
438 2101 704 2166 Pseudosenecae
722 2101 806 2167 libro
823 2103 863 2167 de
879 2104 1035 2185 moribus,
1058 2105 1203 2190 pleniore

5 2285 7 2288 Ι
55 2206 146 2288 olim,
169 2226 266 2292 quam
287 2225 374 2270 nunc
396 2203 632 2287 circumfertur,
656 2205 796 2269 fortasse
818 2206 917 2269 etiam
938 2203 1070 2268 aliunde
1093 2227 1203 2268 excer-

55 2317 142 2394 ptas.
187 2308 281 2371 Patet
303 2307 405 2390 igitur
427 2305 556 2371 saeculo
578 2307 648 2370 fere
670 2309 807 2394 septimo
830 2306 884 2371 vel
897 2316 1022 2375 ,octavo
1044 2309 1202 2394 posterio·
1296 2364 1297 2367 ,

54 2432 125 2473 rem
147 2418 273 2497 partem
295 2409 531 2473 sententiarum
545 2407 805 2473 Publilianarum
827 2408 1043 2491 intercidisse,
1067 2432 1145 2473 mox
1159 2409 1201 2472 ad

55 2510 301 2577 resarciendum
329 2510 483 2574 damnum
510 2510 641 2575 additas
670 2533 741 2574 esse
769 2510 867 2594 alias,
897 2510 1035 2576 morales
1064 2512 1142 2574 item
1171 2521 1203 2574 et

55 2615 192 2694 breves,
221 2611 280 2676 sed
307 2635 327 2675 a
350 2611 491 2677 Publilio
519 2611 653 2677 alienas.
698 2612 732 2676 Is
761 2611 908 2694 libellus,
940 2634 1202 2699 quem‘superne

55 2714 224 2780 mulierem
247 2713 421 2778 formosam
443 2716 583 2801 turpiter
604 2725 710 2779 atrum
732 2716 767 2777 in
789 2717 911 2802 piscem
927 2714 1131 2779 desinentem
1146 2736 1200 2777 no-

55 2819 179 2899 minee,
207 2814 401 2880 incredibile
429 2826 479 2880 est
506 2816 611 2899 dictu,
641 2803 790 2904 quotiens
819 2816 1002 2904 descriptus
1029 2818 1081 2880 sit.
1127 2815 1202 2896 Quo

54 2942 165 3008 panno
195 2927 308 2982 assuto
334 2917 457 2983 factum
480 2940 551 2983 esse
573 2930 668 3007 puto,
697 2928 733 2983 ut
755 2917 890 2983 Publilii
912 2942 1029 2983 nomen
1051 2917 1202 2983 obscura-

54 3030 147 3086 retur
170 3019 266 3084 etad
290 3019 463 3101 Senecam,
494 3042 589 3106 quem
612 3019 690 3084 libri
713 3020 755 3084 de
776 3021 921 3086 moribus
944 3031 1109 3085 auctorem
1132 3043 1203 3085 esse

54 3122 166 3187 medio
192 3144 273 3186 aevo
302 3121 533 3208 perhibebant,
563 3124 706 3187 omnium
731 3120 971 3214 sententiarum¹
988 3122 1202 3208 origoreler-

54 3235 156 3290 retur.
202 3223 290 3304 Quia
316 3234 440 3306 autem,
470 3247 566 3311 quem
594 3240 682 3290 nunc
708 3224 828 3290 librum
857 3226 898 3290 de
920 3228 1065 3292 moribus
1094 3225 1202 3290 dicere

54 3328 297 3408 consuevimus,
320 3327 354 3389 in
377 3326 544 3391 codicibus
567 3329 804 3414 antiquissimis
825 3328 1004 3393 Proverbia
1025 3328 1201 3414 inscriptus

55 3437 145 3510 erat,
178 3426 314 3491 Publilii
343 3451 471 3515 quoque
501 3431 734 3494 sententiarum
765 3428 864 3516 (Gell.
891 3431 945 3512 17,
972 3429 1025 3514 14)
1053 3428 1201 3493 collectio

54 3530 238 3597 Proverbia
259 3529 396 3594 inscribi
418 3540 532 3618 coepta
555 3540 612 3595 est.
657 3530 765 3596 Huius
789 3531 937 3595 codicum
958 3532 1088 3616 generis
1113 3529 1200 3595 locu-

54 3630 233 3721 pletissimi
256 3641 355 3696 testes
379 3642 454 3697 sunt
470 3626 611 3696 Parisini
634 3631 698 3698 duo
715 3632 782 3719 (Pa
804 3641 836 3696 et
860 3632 935 3718 Pb),
959 3633 1200 3718 Rheinaugien-

54 3736 113 3816 sis,
137 3732 339 3799 Basiliensis.
945 3739 949 3747 '

143 3835 214 3899 lam
241 3837 317 3900 inde
340 3858 359 3898 a
381 3836 510 3902 saeculo
538 3837 710 3903 undecimo
738 3838 800 3903 hoc
828 3839 1061 3903 sententiarum
1084 3861 1201 3924 corpus

54 3939 98 4002 ab
114 3937 188 4003 aliis
204 3939 239 4000 in
253 3938 387 4003 brevius
403 3938 580 4021 redactum,
597 3941 638 4004 ab
654 3940 739 4023 aliis,
753 3927 948 4027 praesertim
962 3940 1090 4006 saeculo
1104 3941 1199 4005 XIV.

54 4041 232 4105 adauctum
254 4049 313 4104 est.
351 4041 403 4104 De
425 4043 668 4106 accessionibus
692 4043 778 4106 infra
801 4042 975 4107 dicendum
998 4044 1074 4107 erit:
1098 4042 1199 4130 epitol

54 4165 183 4207 marum
206 4143 355 4230 exempla
378 4143 535 4231 praebent
551 4144 646 4208 codd.
663 4145 806 4210 Parisini
821 4145 905 4210 6085
921 4154 952 4209 et
969 4146 1061 4209 1919.
1094 4143 1201 4210 Simili

54 4236 209 4333 epitome,
233 4244 329 4332 paulo
351 4255 460 4310 tamen
482 4244 639 4332 pleniore,
655 4262 740 4312 'usus
764 4257 813 4312 est
834 4248 1027 4311 Vincentius
1050 4245 1200 4311 Bellova-

53 4349 163 4412 censis
191 4347 318 4412 saeculo
346 4346 446 4412 XIII.
493 4348 598 4443 dffert
627 4349 713 4412 eninr
742 4350 776 4412 in
804 4348 897 4413 libris
920 4348 980 4412 IV.
1004 4357 1036 4412 et
1058 4348 1099 4412 V.
1128 4372 1200 4437 spe-

53 4449 122 4514 culi
146 4449 346 4533 doctrinalis,
370 4451 451 4532 sive,
474 4452 567 4514 utin
590 4450 662 4516 aliis
678 4450 1150 4533 editionibusnumeratur,‘V.
1168 4461 1199 4516 et
