3044 5124
306 362 367 438 110
619 370 774 435 runninn
787 387 876 434 =srn1
899 355 1138 434 snuruuriuu(

394 542 570 607 Tutissiraa
591 560 642 606 res
663 546 715 618 est,
738 539 821 604 nibil
843 541 949 604 timere
964 543 1093 621 praeter
1114 539 1249 605 deam.-
1306 550 1312 557 '

315 679 316 683 =
401 644 484 708 Terre
504 663 624 725 seraper
645 643 728 707 occis
750 646 778 706 et
798 642 916 706 silentii
938 633 1234 723 Maporarrieatarm

397 738 503 809 taraerr
517 749 546 809 el
562 746 598 808 ia
611 745 668 809 boc
681 743 833 821 iacambe,
852 748 888 807 at
902 743 1049 808 libentiae
1062 742 1180 807 audias
1195 761 1295 822 quara
1310 742 1452 823 Mactaris.

317 854 377 911 120
400 847 516 933 Tacere
537 846 592 927 qai
614 847 717 923 cesai,
740 846 837 908 aesoil
857 845 951 927 loqui.

400 949 589 1026 Tristitiara,
611 949 753 1029 sinales,
775 966 815 1010 rte
836 947 1011 1011 adroiseris.

397 1050 503 1132 Tarpa
519 1050 652 1131 praebet
671 1048 885 1130 speaacalara'
900 1068 992 1130 aecer
1013 1048 1151 1112 animas.

397 1151 583 1232 Turpione
605 1151 739 1229 diceris:
756 1150 918 1231 paulatim
939 1150 1024 1214 eoira
1039 1151 1147 1232 prodor
1163 1169 1273 1214 reram
1289 1171 1352 1233 per
1366 1149 1454 1214 oerba

915 1252 1092 1316 discutitur.

395 1354 564 1419 Transibit
584 1354 742 1426 serraoiri
764 1353 913 1434 effectura,
935 1355 965 1417 si
986 1353 1115 1418 boresio
1137 1354 1318 1434 baama.

257 1494 259 1497 -
311 1463 370 1520 125
396 1456 606 1520 Tolerabilior
628 1460 680 1535 est,
705 1456 760 1536 qai
781 1456 863 1518 mori
883 1455 975 1532 iubet,
999 1475 1095 1535 quara
1117 1458 1173 1536 qai
1194 1456 1279 1520 mole
1301 1457 1410 1520 rivere.

323 1544 327 1547 ,
394 1558 604 1627 Tolerabilior
625 1562 669 1622 est
683 1577 798 1640 poeno,
821 1576 887 1620 rooa
901 1574 994 1638 posse
1014 1558 1116 1620 oioere
1137 1577 1236 1637 qaam
1257 1558 1387 1622 nescire,

395 1659 505 1724 Talem
525 1660 723 1742 diliaerotiam
745 1658 853 1722 ecbibe
874 1659 910 1721 iri
933 1658 1083 1722 amicitiis
1104 1659 1331 1741 conparandis,
1354 1679 1394 1722 roe
1408 1660 1452 1722 ire

642 1761 743 1842 cabrias
764 1780 883 1837 amare,
907 1779 997 1840 quera
1019 1760 1161 1842 daaoeps
1181 1761 1284 1841 possis
1306 1762 1413 1825 odisse.

395 1863 445 1926 Ta
460 1864 606 1945 primam
628 1862 736 1927 cobibe
757 1866 785 1926 te
807 1862 937 1939 boaria,
960 1865 990 1925 et
1009 1863 1054 1926 sio
1074 1881 1190 1943 qaaere
1212 1863 1350 1927 alteram
1371 1862 1452 1926 siroi-

398 2000 405 2006 »
916 1963 975 2027 lem
997 1965 1053 2027 lai.

395 2065 536 2148 Turpius
563 2065 647 2130 ailiil
673 2070 718 2129 est
744 2086 841 2147 quara
868 2085 939 2130 cara
966 2085 999 2129 eo
1022 2065 1136 2130 bellare
1154 2085 1276 2147 cerere,
1307 2086 1378 2130 cam
1399 2083 1453 2145 qao

915 2165 1123 2246 familiariter
1143 2167 1270 2231 ciceris.

310 2272 380 2331 626
394 2266 598 2331 Thesaurum
620 2268 655 2330 in
677 2265 827 2354 sepdlcro
850 2268 953 2354 ponit,
978 2270 1034 2353 qui
1057 2288 1167 2331 senem
1189 2265 1348 2332 heredem
1371 2267 1454 2330 facit.

392 2367 616 2434 Taciturnitas
640 2367 739 2433 stulto
762 2367 886 2434 homini
907 2391 967 2456 pro
989 2370 1152 2456 sapientia
1174 2378 1234 2433 cst.
1273 2425 1279 2433 ,

392 2469 478 2535 Tam
501 2470 593 2536 deest
614 2493 714 2535 avaro
737 2471 824 2558 quod
846 2466 956 2554 haber,
980 2493 1077 2557 quam
1099 2469 1187 2558 quod
1207 2492 1275 2536 non
1297 2470 1407 2536 habet.
1444 2540 1449 2550 ,

307 2750 581 2810 comunicaverit.
598 2749 681 2837 rar
695 2750 775 2826 (aa),
790 2752 832 2822 M,
856 2769 880 2807 v.
897 2749 1079 2809 cic-ces:
1096 2752 1125 2805 r
1138 2748 1184 2824 (Τ)

306 2891 387 2959 epist.
404 2885 456 2959 45,
474 2886 491 2941 7
508 2883 584 2942 ‘vitia
601 2885 679 2941 nobis
695 2887 746 2942 sub
761 2888 891 2942 virtutum
908 2888 1016 2943 nornine
1032 2885 1177 2960 obrepunt.
1221 2884 1275 2940 Pro
1293 2893 1375 2941 cauto
1391 2886 1457 2940 timi·

307 2971 357 3026 dus
374 2970 524 3044 accipitur'.
627 2971 687 3026 117
713 2972 763 3028 Ec
785 2973 862 3028 Vina.
880 2971 916 3026 B.
934 2988 977 3043 sp.
993 2973 1020 3026 d.
1037 2971 1076 3042 4,
1094 2970 1144 3026 32.
1162 2969 1201 3025 74
1296 2977 1356 3025 tuta
1372 2969 1404 3041 0,
1419 2977 1457 3024 tu-

285 3097 287 3099 .
308 3056 409 3110 tissima
424 3071 468 3110 res
484 3064 526 3110 est
541 3054 642 3128 aliquid
658 3055 760 3112 domiui
776 3057 871 3112 timere
893 3055 974 3112 Vinc.
992 3054 1023 3128 4,
1040 3055 1080 3112 32
1169 3054 1229 3111 118
1254 3055 1308 3110 ΕΟ
1329 3055 1411 3112 Vino.
1423 3054 1456 3108 Β.

307 3156 353 3212 sp.
369 3140 399 3195 d.
411 3138 442 3211 4,
460 3137 509 3195 92.
528 3138 597 3196 170.
614 3141 645 3211 5,
661 3138 711 3196 29.
729 3140 761 3194 M
776 3140 815 3197 74
903 3148 965 3196 tene
980 3134 1101 3215 semper]
1119 3155 1275 3212 magnares
1293 3147 1336 3195 est
1351 3139 1386 3194 M

309 3223 703 3281 neceruditur
811 3226 839 3280 in
854 3225 1026 3296 hortantum
1042 3224 1109 3280 i.M
1216 3224 1279 3280 120
1302 3223 1354 3280 EC
1376 3222 1456 3280 Viae.

240 3322 245 3328 ·
307 3309 344 3364 B.
361 3323 406 3381 sp.
421 3309 448 3364 d.
471 3307 575 3379 4,92.
596 3308 664 3368 170.
687 3308 965 3381 ’5,29.Μ132“
1026 3309 1119 3383 eloqui
1135 3310 1171 3382 E,
1188 3307 1358 3380 etloquiM

309 3394 367 3449 121
393 3410 427 3448 ne
441 3393 603 3466 caereo,
620 3396 702 3451 codd.
718 3397 791 3451 orell.
809 3396 843 3451 M
859 3396 912 3450 ll:
935 3412 990 3450 non
1005 3395 1058 3466 Pb,
1074 3395 1108 3450 M
1121 3397 1204 3468 orlac
1277 3394 1302 3448 si
1318 3395 1410 3448 miuus
1425 3408 1457 3447 ne

307 3477 459 3534 ostenderis
476 3480 586 3536 addant
602 3479 657 3537 cM
754 3478 813 3535 122
835 3479 930 3535 turbae
945 3481 975 3535 F
1056 3478 1161 3553 praebit
1175 3479 1228 3534 PR
1319 3484 1404 3552 aeger
1419 3494 1460 3532 an.

308 3564 360 3620 PR
385 3564 464 3622 Vino.
485 3564 519 3624 B.
542 3580 584 3636 sp.
606 3564 688 3637 at,
707 3565 776 3637 107,
800 3567 881 3621 codd.
902 3567 977 3622 mcll.
992 3565 1027 3620 M
1039 3564 1093 3620 89:
1116 3581 1159 3620 an.
1176 3579 1259 3637 aeger
1273 3561 1326 3618 FC
1339 3562 1460 3634 Godcfr.
1485 3611 1488 3618 .

419 3648 478 3706 123
502 3665 592 3704 rerum
609 3649 667 3704 PM
682 3650 758 3707 120:
782 3667 834 3706 om.
850 3649 957 3706 Rrec
977 3649 1057 3705 Vlnc.
1074 3648 1110 3704 Β.
1132 3665 1175 3721 sp.
1194 3650 1221 3704 d.
1238 3646 1274 3719 4,
1293 3648 1355 3703 170

309 3733 457 3789 discutitur
471 3733 548 3789 Luc
570 3734 649 3793 Virro.
665 3735 812 3808 Mru1903
834 3751 955 3807 quocum
978 3733 1019 3806 cf.
1042 3752 1067 3790 o.
1084 3734 1160 3791 576:
1184 3731 1334 3788 dediscitur
1352 3730 1408 3806 (rel
1424 3730 1461 3787 di·

307 3815 404 3889 scitur)
420 3819 502 3877 codd.
519 3824 584 3873 vett.
600 3816 633 3872 M
726 3817 786 3874 124
815 3819 897 3876 Virro.
912 3819 946 3875 Β.
964 3835 1008 3891 sp.
1024 3820 1051 3875 d.
1068 3817 1099 3890 4,
1117 3819 1178 3874 170
1265 3818 1394 3873 transivit
1407 3817 1460 3874 PR

396 3895 520 3956 affectum
539 3898 570 3975 0,
587 3902 705 3975 Godofr.
813 3903 971 3960 honesteR
1067 3902 1127 3959 125
1151 3903 1246 3960 om.R
1337 3901 1399 3958 126
1423 3908 1463 3956 est

307 4003 334 4059 p.
351 3985 440 4042 PbR:
454 4004 481 4059 p.
497 3992 539 4041 est
554 3987 636 4056 Par,
652 3995 694 4042 est
709 4005 762 4045 om.
781 3988 900 4060 Godafr.
993 3987 1052 4044 127
1076 3988 1197 4044 amicitiis
1213 3987 1313 4043 PRE:
1328 3987 1422 4043 amicis
1437 3986 1465 4042 F

323 4072 402 4145 Virro.
419 4071 455 4126 B.
473 4086 516 4142 sp.
533 4072 560 4129 d.
578 4071 607 4143 6,
626 4071 710 4127 141
765 4072 854 4130 denuo
870 4072 913 4128 vel
928 4072 1055 4146 deinceps
1071 4074 1101 4129 E
1189 4089 1239 4144 pos
1256 4072 1284 4126 F
1370 4071 1463 4127 odisse

317 4157 410 4212 Vince
426 4155 503 4211 odire
519 4155 629 4212 PRFE
725 4155 784 4213 128
807 4164 834 4212 te
849 4158 937 4230 ipsum
952 4156 979 4213 h.
1006 4160 1083 4215 Viae.
1101 4159 1134 4213 B.
1151 4172 1196 4228 sp.
1212 4159 1240 4213 d.
1259 4149 1289 4227 6,
1307 4155 1347 4212 14
1437 4163 1464 4212 et

308 4238 415 4295 demum
432 4239 473 4297 vel
488 4241 527 4296 sic
543 4241 572 4296 E
656 4257 768 4315 quaeras
786 4240 907 4313 Godofr.
923 4240 995 4317 elige
1013 4243 1094 4300 Vino.
1184 4240 1244 4298 129
1268 4242 1329 4314 EC,
1346 4257 1403 4298 om.
1418 4237 1473 4297 Pb‘

393 4326 574 4382 amantissime
591 4324 613 4382 0
698 4323 757 4382 627
782 4324 826 4397 Cfi
844 4345 870 4383 a.
886 4325 948 4382 492
1035 4334 1056 4382 1.
1072 4327 1159 4382 stulto
1175 4343 1225 4400 pro
1241 4343 1265 4381 1.
1280 4325 1355 4383 cedit
1374 4327 1401 4382 Τ

310 4407 370 4466 628
394 4409 507 4480 Seneca
522 4418 650 4468 controv.
670 4410 699 4482 7,
719 4404 766 4483 18,
779 4428 811 4483 p.
828 4409 905 4483 206,
924 4410 962 4466 14
978 4412 1069 4469 Bars.
1085 4411 1203 4480 Quintil.
1220 4411 1256 4483 8,
1273 4409 1310 4484 5,
1329 4412 1359 4468 6.
1378 4411 1417 4484 9,
1434 4411 1464 4484 3,
