3014 5116
508 413 780 461 raonneorunua.
1171 399 1211 462 27

66 566 126 630 sed
150 566 328 631 Publilium
352 567 482 653 Syrum,
505 567 581 632 licet
604 569 634 631 ei
655 570 846 633 recentioris
868 569 984 632 aetatis
1008 568 1135 634 codices
1152 569 1212 631 Pa-

64 669 187 733 risinus
214 679 345 755 praesto
373 669 475 734 luisse
498 669 638 733 libenter
659 669 794 755 largiar,
823 669 1126 757 interpolationibus
1149 694 1215 735 non

65 771 175 835 minus
199 770 403 841 deformavit,
416 794 512 858 quam
533 773 712 856 ingeniosis
729 771 1011 857 emendationibus
1026 772 1213 858 perpolivit.

65 873 143 950 Non
165 875 211 936 ita
233 873 351 938 multas
375 874 505 960 quidem
529 876 706 962 sententias
730 897 772 937 ex
795 874 980 960 proverbiis
1004 873 1057 936 vel
1078 874 1212 959 Anony-

67 997 120 1039 mo
144 974 185 1038 de
208 975 352 1040 moribus
375 977 508 1062 recepit,
533 976 591 1040 sed
614 985 703 1041 tanto
726 975 835 1062 plures
853 998 895 1039 011
911 975 1044 1055 Seneca,
1068 974 1212 1040 Pseudo·

67 1077 203 1141 caecilio
226 1076 329 1141 Balbo
358 1076 514 1163 aliisque,
545 1100 624 1164 quas
647 1079 682 1140 in
704 1077 872 1142 codicibus
895 1075 1098 1163 interpolatis
1122 1078 1212 1140 inve·
1270 1114 1276 1121 ·

65 1189 172 1273 nepot.
217 1179 278 1242 Rei
307 1181 461 1242 metricae
487 1180 535 1242 ita
558 1201 593 1243 se
617 1179 768 1267 praebuit
791 1180 948 1266 peritum,
977 1188 1018 1249 ut
1036 1180 1213 1243 sententias

65 1304 132 1345 non
154 1280 306 1368 probaret
328 1281 393 1344 nisi
415 1303 497 1366 quae
519 1303 555 1344 re
578 1303 657 1345 vera
678 1290 780 1345 metro
803 1280 980 1344 adstrictae
1004 1290 1128 1361 essent,
1158 1303 1212 1367 pe·
1241 1323 1245 1336 =

66 1383 196 1447 destres
225 1393 332 1446 autem
362 1382 555 1467 corrigendo
583 1383 736 1448 redderet
762 1381 862 1464 tales,
895 1392 931 1447 ut
950 1381 1014 1446 >viu
1042 1384 1214 1468 quisquam

66 1507 124 1548 eas
147 1507 167 1547 a
189 1483 339 1548 versibus
363 1483 565 1569 distinguere
588 1494 708 1570 posset.

155 1584 220 1650 Sed
242 1594 279 1650 ut
307 1584 349 1648 de
371 1587 522 1650 versibus
545 1586 766 1673 interpolatis,
796 1608 875 1672 quos
898 1587 932 1649 in
955 1587 1135 1674 appendice
1157 1611 1213 1651 ex·
1279 1598 1281 1601 ’

66 1686 256 1774 primendos
285 1689 413 1768 curavi,
447 1688 508 1752 hoe
536 1687 606 1752 loco
634 1687 717 1751 nihil
745 1687 867 1771 dicam,
897 1690 931 1751 in
959 1689 1058 1752 aliurn
1088 1711 1215 1775 quoque

66 1810 210 1853 errorem
234 1789 389 1855 Pithoeus
418 1812 612 1876 quamquam
640 1791 763 1855 invitus
794 1791 935 1855 editores
958 1792 1153 1877 posteriores
1177 1813 1214 1855 eo

65 1892 210 1974 induxit,
235 1891 321 1977 quod
343 1891 463 1956 librum
486 1882 579 1956 suuni
601 1915 666 1956 non
688 1892 800 1957 addito
823 1892 952 1956 nomine
974 1915 1031 1957 suo
1055 1893 1088 1956 in
1109 1892 1214 1956 lucem

66 1995 232 2057 emiserat.
256 1992 339 2057 (lum
349 1994 435 2057 enirn
447 1995 557 2080 paucis
569 1995 662 2057 annis
675 2004 748 2081 post
758 1995 790 2058 J.
805 1994 980 2079 Scaliger
995 1993 1130 2059 Publilii
1143 2017 1214 2057 sen·

65 2097 189 2160 tentias
205 2093 340 2159 selectas
357 2094 514 2160 edidisset
529 2095 729 2183 totidemque
746 2096 899 2160 versibus
911 2097 1036 2181 graecis
1053 2095 1214 2160 reddidis-

66 2206 119 2261 set
137 2197 255 2282 (Lugd.
273 2198 346 2261 Bat.
366 2199 456 2280 1598,
474 2207 506 2262 01
528 2199 646 2262 iterum
664 2200 699 2263 in
716 2220 827 2285 opusc.
844 2197 1104 2289 diversispParis.
1123 2198 1215 2263 1605.

67 2298 122 2363 Of.
146 2299 310 2385 Bernays,
339 2299 410 2364 Jos.
434 2300 549 2364 Justus
572 2299 733 2385 Scaliger,
763 2323 817 2387 pg.
840 2300 919 2381 286,
942 2300 1035 2384 290),
1066 2322 1144 2364 usus
1172 2299 1216 2363 ad

67 2402 132 2465 hoc
155 2401 297 2465 editione
320 2400 507 2482 Pithoeana,
530 2403 614 2466 sieut
637 2404 708 2489 ipse
730 2402 811 2466 dicit
834 2404 868 2465 in
891 2403 986 2487 epist.
1010 2402 1074 2465 360
1097 2400 1214 2485 (Scali-

66 2504 142 2588 geri
171 2500 357 2590 epistulae,
376 2503 528 2590 Francof.
555 2504 667 2591 1627),
696 2503 842 2590 proclive
871 2513 940 2567 erat
965 2501 1130 2596 Scaligero
1158 2498 1215 2567 tri-

67 2607 183 2688 buere,
200 2626 283 2691 quae
296 2604 453 2668 Pithoeus
469 2604 521 2668 vel
537 2614 719 2670 mutaverat
735 2606 788 2669 vel
803 2606 986 2669 addiderat.
1023 2605 1077 2670 Sic
1093 2603 1216 2668 factum

67 2716 132 2787 est,
156 2716 191 2769 111
213 2692 584 2789 aGruter0,Bentlei0,
607 2707 803 2789 RibboehiO,
826 2706 899 2770 aliis
922 2705 1043 2770 multae
1067 2705 1216 2769 emenda-

66 2810 188 2889 tiones,
211 2830 348 2894 quarum
368 2818 480 2872 auctor
498 2808 650 2874 Pithoeus
666 2809 739 2891 fuit,
764 2808 929 2894 Scaligero
944 2809 1216 2872 adscriberentur.
1289 2813 1293 2822 “

158 2911 242 2973 Eum
275 2932 416 2975 errorem
443 2913 583 2997 praeivit
612 2912 820 2998 professor
849 2911 982 2998 quidam
1010 2909 1215 2995 ingolsta-

68 3012 242 3076 diensis.
287 3011 370 3075 Cum
394 3013 480 3101 enim
501 3014 630 3078 Marcus
646 3012 813 3096 Velserus,
836 3012 1035 3100 reipublicae
1050 3012 1215 3096 Augusta·

67 3136 135 3178 nae
163 3112 331 3196 duumvir,
361 3136 445 3178 anno
467 3113 536 3178 fere
563 3116 642 3180 1599
664 3115 810 3180 codicem
833 3115 1078 3199 Frisingensem
1101 3115 1217 3178 ceteris

68 3215 222 3281 omnibus
238 3213 483 3301 locupletiorem
498 3219 682 3304 reperisset,
705 3218 828 3281 homini
844 3216 974 3280 cuidam
992 3217 1097 3297 docto,
1122 3238 1216 3302 quem

68 3316 367 3402 Ingolstadiensem
397 3327 428 3382 et
458 3310 677 3383 ex'soeietate
704 3319 785 3384 Jesu
812 3319 913 3383 fuisse
943 3317 1218 3382 verisimillimum

69 3430 140 3501 est,
170 3441 243 3482 eum
270 3417 425 3501 tradidit,
455 3429 490 3483 ut
519 3421 695 3484 sententias
724 3430 885 3484 correctas
909 3404 940 3484 et
963 3419 1099 3483 dimidia
1126 3429 1217 3505 parte

68 3521 246 3608 ampliores
280 3522 398 3586 iterum
432 3521 553 3586 ederet.
597 3521 659 3586 Illo
679 3523 761 3609 *ipso
794 3531 940 3606 tempore
967 3520 1088 3584 Mureti
1120 3542 1218 3607 opera

66 3621 260 3711 typothetas
289 3623 567 3708 Ingolstadienses
604 3633 820 3688 exercuerunt
847 3645 905 3709 per
933 3630 1087 3708 quattuor
1114 3620 1217 3686 lustra

69 3725 246 3813 quinquies
269 3727 358 3812 typis
382 3747 548 3812 expressa,
572 3748 633 3789 nec
654 3725 832 3789 absurdum
854 3723 1029 3788 videbatur
1049 3724 1153 3787 amieo
1169 3722 1218 3787 illi
1256 3720 1260 3728 ‘

68 3827 203 3892 Velseri
232 3827 395 3913 opusculis
423 3827 545 3892 Mureti
573 3826 708 3892 Publilii
741 3828 919 3892 sententias
950 3826 1087 3907 addere,
1118 3835 1154 3890 ut
1177 3864 1217 3872 -

68 3930 180 4017 ipsius
208 3928 309 3993 verba
337 3929 539 4012 adscribam,
569 3951 651 4016 quae
679 3929 779 3991 animi
809 3927 965 3992 laetitiam
988 3950 1030 3991 ex
1052 3926 1217 4014 praeclaro
1302 3925 1304 3929 ’

68 4035 210 4096 invento
239 4040 426 4118 perceptam
448 4032 527 4096 satis
552 4030 693 4116 produnt
718 4069 755 4076 —
780 4031 1006 4113 clepuntissiruo
1028 4032 1127 4094 nostri
1150 4021 1235 4094 0001

68 4135 200 4217 inpendo
229 4134 493 4216 elepantisstruuru
514 4134 596 4198 illud
611 4134 713 4214 prisci
735 4135 804 4196 nent
826 4135 988 4214 1119001011
1010 4132 1125 4195 habeus
1147 4152 1218 4195 con-

66 4239 225 4302 iunctam.
271 4234 398 4299 Prodiit
421 4235 522 4320 igitur
536 4256 623 4299 nova
638 4235 872 4298 sententiarum
886 4234 1031 4297 recensio
1047 4221 1219 4296 subiuncta

66 4337 197 4403 Mureti
225 4357 358 4422 operum
381 4335 539 4400 volumini
566 4335 708 4400 secundo
737 4358 775 4399 ac
802 4336 911 4400 dicata
937 4333 1089 4415 Velsero,
1117 4356 1218 4398 anno

68 4440 176 4505 1600
199 4437 277 4523 (non
299 4461 383 4504 anno
409 4439 506 4522 1603,
530 4449 566 4502 ut
588 4437 687 4525 vulgo
708 4438 863 4522 traditur)
887 4434 1132 4521 ingolstadii
1155 4446 1218 4522 ty-
