3014 5116
281 357 311 423 l
729 373 1001 425 raonneomrm.

290 529 382 593 multi
413 527 534 594 laboris
545 532 591 613 *):
622 530 704 597 adeo
733 530 868 614 vulgare
895 538 945 593 est
974 527 1055 592 illud
1079 528 1152 591 vitii
1175 548 1295 612 genus,
1326 526 1447 612 (hemi-

291 630 464 716 graphiam
499 633 640 695 dixerim
674 632 728 695 vel
764 630 1048 718 haplographiam)
1073 632 1273 716 praesertim
1306 631 1371 701 ubi,
1397 654 1448 695 ra·

290 733 378 797 riora
407 742 483 797 sunt
510 724 659 817 noinina,
689 754 771 819 quae
800 732 871 796 loco
899 731 1131 813 deturbantur,
1165 733 1270 816 magis
1299 743 1381 796 nota
1410 755 1449 796 ac

291 835 381 916 trita,
406 856 488 920 quae
510 836 668 921 irrepunt,
693 845 729 900 ut
751 858 792 898 ne
814 834 849 898 id
873 832 1005 920 quidem
1028 834 1145 896 mirum
1168 856 1226 898 nos
1249 833 1374 897 habere
1391 835 1447 897 de-

290 935 384 1016 beat,
408 959 472 1000 non
494 960 558 1002 uno
581 936 661 1018 loeo,
686 936 744 1001 sed
766 936 916 1023 pluribus
939 934 1090 1000 librarios
1107 929 1227 998 ‘eodem
1249 935 1345 1000 modo
1371 958 1447 1022 pee-

290 1059 391 1103 casse.
437 1037 532 1118 Quae
555 1040 642 1128 enirn
665 1060 745 1102 esse·
759 1046 867 1124 potest
889 1037 1066 1101 auctoritas
1089 1036 1249 1129 codicum,
1274 1038 1447 1102 Ciceronis

291 1141 385 1226 epist.
412 1141 531 1222 12,18,
555 1139 698 1205 Senecae
722 1139 762 1203 de
783 1131 891 1225 tranq.
914 1160 966 1201 an.
991 1139 1042 1220 11,
1062 1139 1092 1220 8,
1116 1138 1201 1202 Plin.
1225 1148 1291 1203 nat.
1316 1137 1397 1203 hist.
1415 1140 1446 1220 8,

289 1241 342 1321 51,
362 1241 413 1323 77,
437 1241 539 1307 Macr.
564 1241 631 1307 Sat.
655 1242 686 1324 2,
703 1242 735 1325 2,
752 1242 783 1323 8,
807 1242 843 1304 in
866 1240 983 1326 quibus
1006 1262 1204 1326 praenomen
1226 1240 1337 1306 Publii
1362 1243 1464 1329 scri-¹

288 1352 380 1428 ptum
405 1364 476 1407 esse
498 1343 587 1407 haud
610 1345 735 1428 ignoro,
760 1366 831 1407 cum
856 1342 994 1406 eundem
1017 1351 1146 1427 poetam
1163 1343 1205 1406 ab
1228 1343 1347 1409 iisdem
1365 1338 1446 1407 s'cri-

186 1432 188 1439 *
289 1444 437 1530 ptoribus
466 1445 581 1509 audire
603 1445 781 1510 Publilium
813 1465 912 1531 supra
941 1442 1196 1508 demonstratum
1221 1444 1287 1508 sit?
1323 1445 1446 1532 Itaque

258 1570 259 1573 ¹
288 1567 330 1609 ne
345 1567 455 1610 eorum
471 1546 603 1632 quidem
618 1550 814 1612 sententiam
829 1547 914 1610 tueri
929 1544 1040 1628 velim,
1063 1548 1118 1631 qui
1133 1556 1306 1632 utrumque
1322 1556 1445 1612 nomen

290 1657 321 1712 et
349 1648 460 1712 Publii
489 1659 521 1712 01
549 1648 685 1713 Publilii
712 1658 800 1712 recte
829 1669 864 1712 se
882 1634 1013 1710 'habere
1040 1648 1103 1710 rati
1131 1658 1261 1733 poetam
1289 1653 1444 1714 nostrum

289 1749 444 1814 Publium
459 1749 639 1814 Publilium
661 1751 925 1815 nominaverunt:
948 1754 1024 1811 nam
1046 1749 1134 1836 apud
1156 1749 1280 1814 nullum
1303 1751 1445 1836 scripto-

288 1872 356 1914 rem
379 1851 459 1915 haec
482 1852 546 1916 duo
569 1855 701 1918 nomina
724 1853 896 1916 coniuncta
919 1849 1081 1934 leguntur.

372 1953 424 2016 De
446 1953 549 2018 altero
573 1962 688 2040 poetae
710 1954 856 2035 nomine,
881 1951 968 2038 quod
990 1951 1116 2016 Plinius
1140 1977 1171 2016 n.
1195 1953 1227 2017 h.
1251 1954 1310 2036 35,
1334 1958 1356 2034 ἓ
1383 1955 1445 2018 199

215 2094 219 2106 .
288 2054 439 2119 tradidit:
467 2055 644 2144 Publilium
666 2055 858 2120 Locbium
880 2056 1024 2119 mimicae
1045 2075 1176 2119 0080880
1198 2056 1392 2120 conditorem
1415 2062 1444 2120 et

289 2158 477 2239 astroloqiae
500 2159 719 2222 cousobriuum
741 2160 808 2222 eius
822 2157 1001 2221 Mauilium
1015 2155 1216 2235 Autioebum,
1239 2159 1313 2220 item
1328 2178 1442 2237 yram-

288 2261 422 2323 matieae
445 2259 625 2324 Staberium
648 2259 778 2324 Erotem
800 2260 907 2324 eadem
928 2279 1008 2323 8880
1030 2259 1171 2323 aduectos
1191 2260 1295 2323 uidere
1313 2261 1442 2340 proavi,

287 2360 395 2424 adhuc
426 2361 487 2425 sub
510 2360 619 2424 iudice
643 2359 735 2424 litem
758 2381 831 2424 0000
853 2359 1003 2423 lubenter
1025 2360 1191 2424 confiteor.
1237 2358 1367 2439 Quodsi
1391 2363 1446 2424 cui

290 2463 474 2546 contigerit,
497 2472 534 2526 ut
556 2461 646 2526 facili
667 2461 795 2525 medela
813 2483 855 2525 ex
871 2463 992 2527 codicis
1009 2462 1262 2546 Bambergensis
1279 2462 1445 2548 scriptura

288 2586 407 2627 nomen
430 2563 513 2628 illud
535 2586 689 2649 graecum
713 2564 832 2648 eliciat,
857 2587 920 2648 quo
944 2566 1029 2628 inter
1052 2563 1163 2649 Syros,
1186 2572 1365 2649 antequam
1380 2564 1444 2628 Ro-

288 2687 374 2729 mam
397 2656 628 2747 adduceretur,
653 2688 733 2753 puer
749 2689 827 2730 usus
844 2677 924 2748 erat,
949 2675 1006 2730 aut
1029 2667 1056 2729 si
1072 2667 1145 2751 quis
1161 2665 1321 2729 Lochium
1337 2665 1445 2730 fuisse

289 2789 408 2831 nomen
437 2790 590 2852 graecum
621 2767 772 2851 evicerit,
802 2791 860 2833 nos
891 2777 977 2831 certe
999 2789 1063 2830 non
1086 2766 1220 2837 habebit
1242 2768 1372 2830 inventi
1394 2770 1444 2831 in·

289 2870 398 2934 vidos.
443 2869 591 2959 Interim,
616 2869 719 2933 donec
740 2868 876 2933 meliora
898 2868 1101 2950 edoceamur,
1125 2867 1267 2932 Plinium
1289 2891 1358 2933 non
1381 2871 1445 2934 Lo-

291 2971 412 3049 ebium,
439 2970 496 3034 sed
518 2970 723 3035 Antiochiam
746 2973 917 3057 scripsisse
940 2967 1194 3054 statuamtrs**),
1217 2972 1325 3058 patria
1347 2993 1444 3036 accu-

290 3075 392 3136 ratius
430 3073 615 3157 significata
649 3094 744 3158 quam
778 3073 899 3137 factum
935 3082 985 3137 001
1017 3096 1037 3135 a
1065 3072 1180 3136 ceteris
1214 3074 1445 3158 scriptoribus,

290 3196 427 3260 quorum
457 3173 604 3261 exemplo
633 3185 762 3261 poe-tam
792 3175 911 3260 Syrum
943 3176 1172 3260 cognominare
1200 3163 1463 3240 consuevimus.

287 3274 505 3370 Quinimmo
528 3277 616 3340 haud
640 3276 830 3358 defuerunt,
859 3278 915 3362 qui
938 3275 1100 3341 versiculo
1113 3274 1232 3362 aliquo
1255 3299 1275 3340 a
1298 3276 1444 3342 Caesare

248 3465 249 3469 Ἰ
287 3400 329 3440 ex
351 3387 496 3465 tempore
520 3378 592 3443 fuso
609 3379 666 3463 (cf.
683 3379 768 3442 infra
783 3401 838 3465 pg.
852 3379 885 3465 9)
898 3378 994 3442 abusi
1016 3400 1089 3442 eum
1110 3379 1304 3466 simpliciter
1319 3378 1445 3466 Syrum

250 3475 251 3478 '
286 3489 455 3562 vocarent,
480 3490 647 3566 tamquam
670 3481 703 3544 id
726 3503 844 3544 nomen
866 3481 954 3567 apud
969 3490 1097 3544 veteres
1115 3481 1149 3543 in
1164 3482 1284 3544 iustum
1303 3503 1343 3545 ac
1360 3482 1443 3568 legi-

285 3583 400 3646 timum
425 3582 613 3665 evaluisset,
636 3583 671 3645 in
695 3604 758 3668 quo
780 3606 846 3646 non
870 3582 982 3646 addito
1005 3582 1123 3667 gentili
1142 3583 1352 3668 acquiescere
1368 3607 1444 3670 pos-

356 3822 385 3883 *1
406 3821 448 3872 cf.
468 3823 535 3872 Tac.
554 3822 619 3872 hist.
640 3825 665 3886 2,
685 3825 717 3872 92
736 3819 942 3886 Praeposuerat
955 3821 1147 3887 praetorianis
1164 3820 1199 3873 P.
1218 3819 1371 3887 Sabinam,
1396 3828 1444 3876 ubi

288 3903 449 3957 Publiliam
468 3905 669 3956 emendandum
688 3923 748 3958 esse
767 3907 911 3970 00111101.
931 3911 960 3972 3,
981 3911 1013 3958 36
1031 3904 1188 3958 Publilium
1206 3904 1346 3958 Sabiuum
1359 3923 1444 3974 prae·

286 3987 354 4040 terii
373 3985 547 4053 praefectum
571 3991 673 4056 primus
696 3992 771 4042 vidit·
789 3992 927 4042 Halmius.
963 3993 1043 4059 Apud
1063 3995 1125 4043 Liv.
1146 3995 1190 4055 10,
1209 3995 1238 4054 9,
1258 3995 1273 4042 2
1296 3990 1446 4047 Publilius

291 4075 411 4126 debetur
430 4075 576 4139 Glareano,
597 4076 670 4141 apud
690 4062 846 4142 Cia'epist.
868 4078 903 4126 ad
920 4078 1004 4128 Attia.
1025 4080 1067 4140 12,
1085 4081 1127 4142 24,
1148 4081 1169 4129 1.
1189 4080 1229 4141 12,
1248 4079 1290 4138 28,
1310 4080 1327 4127 2
1346 4081 1445 4144 Basia,

286 4165 316 4210 ut
334 4160 405 4209 nihil
425 4160 514 4210 dicam
533 4159 567 4210 de
584 4160 696 4210 ercilio
715 4163 871 4212 sexcenties
889 4162 917 4211 in
929 4163 1053 4211 «Lucium
1073 4168 1208 4228 corrupto.

335 4252 377 4316 **)
397 4253 532 4303 Similiter
553 4254 776 4318 apudTacitum
796 4257 841 4318 13,
863 4251 1003 4304 'tiochum
1027 4257 1160 4320 scriptum
1186 4260 1228 4306 001
1250 4256 1279 4305 in
1297 4257 1443 4323 Medieeo,

289 4342 365 4388 recte
390 4339 419 4387 in
444 4339 613 4402 editionibus
636 4336 811 4389 Antiochum.
849 4338 927 4402 Quod
951 4340 985 4388 ad
1009 4357 1065 4390 rem
1090 4341 1204 4404 attinet,
1227 4340 1301 4390 haud
1321 4343 1445 4394 absurda

285 4426 327 4472 est
340 4423 500 4473 coniectura
512 4422 664 4472 Publilium
680 4424 767 4474 tuisse
781 4423 941 4489 popularem
955 4424 1084 4490 Archiae,
1102 4425 1136 4474 da
1150 4418 1203 4490 quo
1217 4425 1254 4480 cf,
1268 4427 1347 4478 infra
1360 4446 1408 4496 pg.
1420 4434 1444 4483 9.
