3044 5124
311 372 353 435 84
551 421 553 425 ,
629 386 785 434 eunnrnn
808 387 886 435 srnr
909 386 1140 434 snurnurrrn.

397 540 517 622 Iratus,
541 561 614 603 curn
635 539 679 603 ad
701 561 736 602 se
758 539 868 621 rediit,
891 526 956 603 sibi
978 548 1047 604 tum
1069 539 1233 603 irascitur.

395 641 436 705 In
458 663 567 705 amore
589 663 717 727 semper
739 663 837 705 causa
859 640 970 704 damni
993 643 1168 727 quaeritur.
1234 632 1236 639 ’

312 749 373 807 275
396 742 544 827 Iocunda
565 742 693 806 macula
715 753 765 807 est
787 765 829 806 ex
851 744 977 807 inimici
1000 745 1169 828 sanguine.

396 844 437 908 In
458 845 587 908 Venere
610 866 738 930 semper
760 843 865 909 dulcis
889 853 939 908 θεῖ
961 844 1136 909 dementia.

354 985 355 988 =
395 950 431 1009 ln
452 945 572 1010 misero
595 944 692 1008 facile
714 946 751 1010 fit
772 954 888 1031 potens
911 946 1040 1010 iniuria.

394 1046 566 1112 Interdum
588 1047 688 1110 habet
711 1045 869 1112 stultitiae
891 1057 1017 1133 partem
1039 1047 1192 1112 facilitas.

396 1148 521 1213 Inertia
544 1159 593 1213 est
615 1148 736 1212 laboris
760 1134 938 1213 excusatio,

203 1279 212 1288 ·
312 1258 374 1315 280
396 1251 555 1315 iniuriam
578 1248 707 1313 facilius
730 1249 832 1315 facias
856 1273 952 1337 quarn
974 1251 1071 1315 feras.

395 1352 504 1417 Iratus
526 1351 574 1415 nil
596 1375 661 1416 non
683 1351 828 1415 criminis
851 1350 995 1438 loquitur
1016 1351 1098 1417 loco.

395 1454 543 1518 Incertus
565 1454 692 1518 animus
716 1453 889 1525 dimidium
912 1463 961 1519 est
983 1455 1173 1540 sapientiae.

395 1556 436 1620 In
458 1558 546 1642 turpi
567 1576 603 1618 re
625 1576 761 1642 peccare
783 1555 834 1619 bis
857 1555 1046 1641 delinquere
1069 1565 1128 1619 est.

395 1657 562 1742 ingenuus
585 1658 711 1721 animus
733 1679 799 1721 non
820 1656 894 1721 fert'
908 1659 998 1721 vocis
1020 1657 1168 1721 verbera.

310 1767 371 1825 285
394 1759 556 1824 Iniuriam
576 1759 784 1845 ipselacias,
806 1759 864 1823 ubi
885 1781 952 1823 non
973 1758 1133 1823 vindices.

394 1848 429 1926 Is
451 1862 586 1925 minimo
610 1869 685 1946 eget
706 1860 865 1944 mortalis,
891 1862 948 1948 qui
969 1860 1140 1925 minimum
1163 1863 1265 1949 cupit.

312 1956 317 1962 ’
394 1963 524 2026 Inimici
546 1963 589 2026 ad
610 1964 754 2027 animum
775 1961 884 2025 nullae
906 1963 1106 2027 conveniunt
1127 1985 1252 2048 preces.

257 2060 260 2069 ’
394 2064 534 2128 Inimico
558 2056 704 2128 extincto
727 2065 864 2128 exitium
887 2062 1042 2129 lacrimae
1063 2087 1128 2129 non
1150 2065 1285 2129 habent.

393 2165 446 2228 Ibi
469 2186 596 2251 semper
619 2174 670 2230 est
690 2167 838 2247 victoria,
861 2165 919 2230 ubi
942 2165 1117 2230 concordia
1139 2176 1200 2231 est.

174 2268 179 2274 '
226 2288 231 2299 .
287 2318 291 2321 ,
313 2273 375 2331 290
397 2266 466 2330 Iter
489 2276 548 2357 est,
572 2288 775 2353 quacumque
798 2267 856 2331 dat
877 2267 966 2353 prior
988 2269 1176 2352 vestigium.

386 2367 447 2432 ,Ibi
469 2376 545 2454 pote
566 2367 677 2431 valere
698 2367 848 2454 papulae,
871 2368 930 2432 ubi
952 2368 1041 2454 leges
1064 2369 1186 2441 valent.

274 2525 276 2528 .
394 2469 483 2534 Loco
505 2470 705 2555 ignominiae
729 2480 778 2535 est
799 2469 890 2556 apud
912 2470 1084 2556 indignum
1108 2471 1265 2556 dignitas.
1376 2470 1380 2475 ”

395 2571 484 2636 Laus
505 2595 593 2638 nova
614 2575 679 2636 nisi
702 2574 815 2654 oritur,
840 2575 938 2666 etiarn
960 2583 1055 2636 vetus
1078 2573 1251 2637 amittitur.
1330 2628 1333 2636 .

315 2712 316 2715 =
394 2673 500 2738 Laese
523 2674 644 2740 doloris
668 2674 849 2737 remedium
870 2675 996 2737 inimici
1018 2682 1068 2738 est
1091 2673 1193 2738 dolor.

310 2781 370 2839 295
393 2775 493 2839 Levis
517 2784 567 2840 est
589 2775 751 2841 Fortuna:
776 2776 840 2839 cito
862 2777 1015 2862 reposcit,
1038 2776 1126 2861 quod
1148 2775 1250 2840 dedit.

392 2875 463 2939 Lex
485 2877 642 2940 universa
664 2886 724 2958 θεῖ,
748 2897 830 2963 quac
852 2877 944 2940 iubet
966 2878 1057 2940 nasci
1080 2885 1112 2940 et
1134 2878 1228 2941 mori.

313 3168 448 3211 conrcss
464 3171 489 3207 v.
507 3153 689 3212 265-291ε
713 3156 741 3209 17
753 3151 812 3230 (Τ),
837 3172 862 3210 ν.
881 3153 1063 3211 aaa-296:
1086 3155 1199 3212 PRBF
1211 3153 1284 3229 (EO)

309 3315 363 3369 ter,
388 3306 428 3378 ef.
446 3326 471 3363 a.
488 3306 548 3364 279
642 3305 702 3364 273
725 3306 806 3363 rediit
822 3307 987 3362 Bentleias:
1009 3307 1081 3362 redit
1095 3308 1124 3362 F
1209 3307 1272 3366 275
1296 3309 1400 3364 inimici
1414 3309 1458 3365 ln-

305 3393 406 3464 polst..·
428 3393 499 3446 imici
519 3393 548 3447 F
670 3391 730 3448 278
756 3391 802 3464 Cf.
825 3410 850 3447 v.
875 3391 945 3448 180.
990 3386 1138 3447 *facilitas
1154 3410 1161 3444 :
1177 3391 1294 3449 felicitas
1317 3395 1348 3448 F

308 3475 368 3532 279
392 3484 434 3531 θεῖ
460 3475 560 3532 laboris
581 3477 717 3550 Inpolst..·
739 3477 757 3531 l.
780 3484 822 3531 est
843 3477 884 3544 F3
912 3476 953 3548 ef.
975 3495 1002 3532 v.
1026 3474 1086 3531 272
1185 3476 1245 3535 281
1270 3478 1310 3533 nil
1331 3479 1459 3552 Inpolst.:

235 3578 238 3579 ⁷
307 3560 374 3615 nihil
389 3561 418 3615 F
501 3559 561 3618 282
585 3557 720 3635 incertus]
742 3563 797 3617 lroc
818 3563 878 3617 valt
898 3562 1102 3617 dubitationem
1117 3564 1302 3633 principium
1318 3579 1385 3620 esse
1398 3565 1458 3635 plri-

307 3646 466 3716 losopla'ae‚
482 3652 513 3702 at
528 3650 569 3702 ait
587 3645 687 3704 Cicero
703 3647 738 3701 de
753 3648 871 3701 deorum
886 3652 946 3701 nat.
966 3646 995 3717 1,
1013 3646 1048 3714 1;
1071 3663 1110 3702 aa
1126 3648 1277 3719 ingenuus,
1293 3654 1326 3704 at
1342 3667 1369 3705 a.
1383 3648 1459 3706 2847

307 3729 424 3784 invictus
440 3730 559 3802 Maelly
659 3729 797 3786 dimidium
812 3730 921 3786 Botlre:
944 3730 1093 3786 remedium
1109 3732 1138 3786 F
1141 3755 1151 3794 ;
1177 3731 1218 3803 cf.
1234 3732 1336 3788 Plaat.
1355 3734 1460 3789 Pseud.

306 3811 385 3883 454,
407 3819 435 3868 et
455 3813 538 3885 infra
562 3832 587 3869 v.
606 3814 665 3870 657
694 3879 701 3889 ⁸
768 3813 829 3871 284
851 3815 998 3871 invectivae
1019 3813 1084 3888 (lep.
1107 3814 1266 3887 invectivas)
1289 3819 1367 3873 vocis
1388 3834 1462 3873 nura·

308 3912 388 3969 quam
404 3894 515 3952 libertas
531 3905 602 3953 tacet
621 3899 645 3953 Τ
743 3897 803 3956 286
827 3899 939 3956 Seneca
955 3902 1039 3970 epist.
1058 3899 1184 3970 108,11
1280 3903 1398 3957 minimo
1414 3903 1461 3959 Se-

148 4002 150 4011 ’
237 4041 240 4055 ,
307 3997 400 4037 neca:
422 3981 560 4036 minimum
582 3983 610 4036 F
707 3981 768 4040 288
791 3984 1048 4054 Maleuentum,
1074 3987 1273 4041 altimetrum
1295 3996 1462 4058 respueret.

308 4063 354 4137 Of.
374 4065 461 4121 Paul.
484 4065 569 4121 Diae.
586 4083 621 4137 p.
643 4064 682 4123 81
784 4066 844 4124 291
868 4076 933 4140 ροῖθ
955 4068 1194 4142 θναιθν;,ροῖθεῑ
1213 4071 1243 4125 F
1345 4070 1410 4128 292
1435 4073 1464 4142 C,

315 4151 395 4206 Viae.
418 4149 494 4206 Bell.
517 4167 563 4221 sp.
585 4151 613 4205 d.
630 4148 667 4221 5,
683 4150 722 4207 71
831 4151 891 4209 293
915 4152 979 4215 Est·
1001 4153 1040 4225 cf.
1058 4172 1082 4209 v.
1100 4152 1161 4210 203
1272 4154 1336 4211 294
1361 4157 1466 4214 doloris

307 4233 386 4290 Bae
406 4233 485 4290 Vino.
503 4235 579 4291 Bell.
602 4251 646 4307 sp.
670 4233 839 4306 a4,133:
863 4236 950 4292 dolori
966 4238 1019 4305 PR
1106 4239 1204 4295 inimici
1227 4247 1269 4295 est
1286 4241 1402 4298 Bothe:
1425 4251 1468 4298 est

306 4319 470 4375 in.PRBG
493 4321 744 4376 Vinc.estom.F
853 4320 913 4378 295
945 4323 1024 4379 Viae.
1041 4323 1117 4380 Bell.
1134 4341 1177 4395 sp.
1194 4326 1221 4380 d.
1240 4323 1270 4396 5,
1289 4325 1352 4382 123

310 4401 370 4458 296
395 4405 517 4458 universa
533 4404 659 4461 PRBF:
681 4405 839 4461 universalis
855 4407 905 4462 EC
927 4407 1007 4464 Viae.
1025 4408 1099 4465 Bell.
1120 4415 1200 4481 spec.
1221 4410 1375 4483 ductab,
1395 4413 1470 4486 104,
