3014 5116
310 352 352 418 32
745 364 1018 418 ononuconsus.

309 527 407 589 tionis
437 520 598 612 emptores
625 521 750 609 aliquid
779 524 966 596 desiderare
994 532 1138 610 possent.
1184 524 1333 589 Adiutus
1359 523 1460 589 estin

307 626 429 704 ‚edendi
452 647 551 713 opera
573 625 701 688 schedis
724 623 926 707 Desbilloni,
956 627 1012 711 qui
1034 627 1157 713 passim
1180 648 1254 689 cum
1277 626 1396 691 Bothii
1418 629 1458 690 iu-

310 729 419 792 ventis
440 729 560 791 mirum
582 728 616 790 in
638 726 770 790 modum
793 728 999 812 conspirasse
1020 738 1169 814 repertus
1192 737 1251 793 est.

394 830 521 893 Novem
542 829 636 891 annis
658 837 732 915 post
747 800 883 892 Publilii
899 816 1076 892 sententias
1100 828 1260 895 ‘adhibito
1277 829 1367 894 libro
1380 833 1454 924 scri·
1498 863 1502 886 r

309 939 365 1016 pto
389 929 698 1018 Gryphiswaldensi
728 930 991 1012 membranaceo,
1020 954 1197 1017 numquam
1220 942 1319 996 antea
1343 924 1455 997 collato

308 1034 473 1097 recensuit
489 1040 521 1095 et
532 1034 692 1097 varietate
707 1031 857 1097 lectionis
872 1033 1030 1097 instruxit
1042 1033 1102 1096 Dr.
1119 1032 1205 1098 Car.
1222 1032 1454 1098 Guernerus

308 1133 541 1217 Reinhold',
564 1128 758 1199 Anclamiae
781 1121 873 1217 1838,
896 1136 948 1198 cui
969 1133 1080 1200 libello
1103 1134 1242 1198 multum
1270 1157 1353 1198 sane
1376 1158 1454 1201 com·

308 1235 526 1299 mendationis
549 1234 688 1318 addidit,
713 1258 784 1299 cum
807 1234 931 1322 aliquot
952 1258 1054 1301 novas
1078 1237 1256 1300 sententias
1275 1258 1318 1300 ex
1331 1236 1390 1301 illo
1407 1259 1451 1301 oo·

310 1337 382 1400 dice
404 1338 582 1402 accessisse
604 1338 770 1425 professus
788 1347 883 1402 esset.
918 1337 1040 1403 Verum
1057 1338 1131 1402 illae
1147 1341 1331 1403 sententiae
1347 1362 1452 1404 omnes

309 1460 351 1502 ex
366 1439 509 1504 Senecae
532 1438 671 1524 dialogis
693 1449 750 1504 aut
772 1439 1037 1504 Pseudosenecae
1060 1440 1101 1502 de
1123 1439 1268 1505 moribus
1292 1439 1380 1505 libro
1403 1441 1451 1503 de·

308 1550 456 1627 sumptae
478 1552 565 1622 sunt,
587 1541 675 1606 uude
697 1541 844 1604 codicem
866 1539 1231 1629 Gryphiswaldensem,
1255 1543 1347 1628 quod
1370 1543 1451 1606 idem

307 1643 409 1706 multa
430 1644 550 1707 menda
571 1646 651 1709 satis
674 1642 803 1726 docent,
828 1665 871 1706 ex
887 1643 1093 1731 interpolatis
1110 1665 1181 1708 esse
1196 1653 1285 1708 certo
1302 1643 1450 1707 efficitur.

391 1745 523 1808 Accedo
556 1747 619 1808 iam
647 1744 690 1808 ad
721 1743 871 1808 ultimum
900 1744 1035 1809 Publilii
1070 1744 1245 1828 editorem,
1278 1747 1388 1809 virum
1416 1746 1451 1808 de

307 1847 411 1930 poetis
445 1846 555 1910 latinis
587 1848 709 1933 optime
739 1847 907 1925 meritum,
942 1847 1128 1912 Ottonem
1160 1846 1450 1929 Ribbeckium,

253 1956 259 1960 '
307 1969 401 2032 quem
430 1949 465 2011 in
488 1950 694 2017 Comicorum
716 1935 892 2014 latinorum
913 1947 1060 2035 reliquiis
1083 1949 1330 2036 pg.·258-308
1355 1959 1450 2014 totam

267 2080 269 2082 v
307 2051 529 2134 quaestionem
556 2052 783 2137 profligavisse
812 2060 906 2116 erunt
937 2051 1074 2115 fortasse
1103 2052 1159 2137 qui
1182 2049 1316 2114 credere
1339 2051 1451 2114 velint.

307 2148 405 2228 Quod
428 2153 457 2215 si
478 2153 525 2216 ita
547 2162 644 2235 esset,
667 2153 741 2218 aliis
764 2156 872 2241 potius
896 2152 1014 2218 studiis
1037 2154 1073 2216 in
1094 2153 1182 2217 horis
1205 2153 1385 2216 subcisivis
1402 2175 1450 2216 va-

307 2273 446 2316 cassem:
477 2275 548 2318 cum
574 2264 699 2337 autem,
723 2255 859 2341 quid-in
882 2255 951 2318 eius
977 2254 1121 2319 editione
1143 2257 1213 2318 iure
1235 2252 1450 2336 desideretur,

306 2355 428 2418 iamin
450 2353 614 2440 Philologi
640 2356 706 2422 vol.
730 2358 782 2420 22.
806 2380 860 2444 pg.
883 2357 946 2421 436
962 2350 1001 2420 'et
1022 2357 1085 2420 462
1113 2355 1329 2419 indicaverim
1354 2359 1451 2442 potis·

306 2456 485 2556 simamqule
509 2461 628 2522 erroris
651 2480 782 2523 causam
803 2459 881 2522 inde
903 2459 1128 2545 repetiverim,
1158 2458 1245 2544 quod
1266 2457 1450 2523 ille‘subsi·

306 2556 369 2622 diis
399 2559 521 2624 criticis
549 2582 664 2646 parum
691 2562 878 2626 instructus
894 2568 978 2643 erat,
1007 2559 1208 2624 voluntatem
1230 2582 1289 2646 pro
1311 2582 1348 2623 re
1371 2561 1451 2624 acci-

208 2692 212 2694 ·
304 2683 382 2747 pere
404 2660 577 2749 oportebit.
623 2661 690 2742 Qui
714 2665 800 2726 enirn
822 2663 953 2749 poterit,
976 2660 1011 2724 id
1027 2660 1114 2747 quod
1131 2661 1367 2744 gravissimum
1384 2685 1474 2726 esse.

304 2763 468 2846 existimo,
492 2763 533 2827 de
555 2765 726 2829 sententiis
748 2763 866 2851 aliquis
889 2773 1012 2828 certum
1027 2763 1135 2827 facere
1150 2757 1320 2844 indicium,
1344 2765 1452 2828 sintne

304 2863 439 2928 Publilii
467 2887 510 2928 an
536 2888 617 2947 non,
655 2867 707 2929 cui
734 2888 775 2929 ne
803 2865 837 2929 id
866 2865 997 2952 quidem
1026 2874 1168 2947 constet,
1199 2863 1277 2950 quid
1307 2865 1342 2926 in
1376 2889 1451 2952 quo-

191 2961 202 2971 *
304 2987 367 3050 que
395 2966 507 3030 codice
530 2969 696 3055 scriptum
717 2967 783 3032 sit?
818 2966 880 3031 Vel
902 2968 948 3031 sic
971 2975 1077 3029 tamen
1101 2965 1322 3031 Ribbeckium
1346 2968 1451 3031 tribus

270 3063 271 3067 ’
304 3076 499 3153 quattuorve
514 3068 677 3134 'versibus
705 3069 844 3134 salutem
870 3069 1019 3133 attulisse
1041 3067 1129 3132 haud
1152 3055 1364 3132 diffitehdum
1388 3080 1451 3134 est:

303 3168 429 3255 reliqua
455 3170 646 3258 plerumque
673 3175 721 3236 sic
749 3171 956 3236 considerare
983 3169 1082 3234 malui
1111 3171 1204 3256 quasi
1233 3170 1358 3256 scripta
1389 3195 1452 3237 non
1490 3250 1491 3253 Ἴ

209 3327 210 3331 ,
234 3349 239 3356 Ι
304 3281 423 3354 essent,
446 3295 488 3336 ne
509 3275 545 3337 in
566 3273 744 3338 refellendo
768 3273 895 3358 longior
916 3266 1041 3336 fieremJ
1084 3273 1120 3336 Si
1142 3273 1227 3336 enim
1250 3272 1313 3337 hoc
1330 3273 1451 3339 editori

303 3374 462 3438 committi
485 3373 577 3458 solet,
600 3385 636 3440 ut
659 3376 777 3463 quibus
800 3377 835 3439 in
857 3374 936 3439 locis
960 3397 1033 3438 eum
1056 3375 1111 3461 qui
1134 3375 1283 3461 proxime
1302 3384 1451 3440 anteces-

304 3477 347 3559 sit
367 3478 549 3542 correxisse
570 3479 634 3542 sibi
657 3478 805 3559 videtur,
829 3477 933 3541 fusius
956 3485 1115 3563 exponat,
1144 3475 1324 3540 Ribbeckii
1347 3478 1450 3543 editio

266 3628 268 3632 »
303 3600 378 3661 una,
401 3587 514 3666 utpote
537 3581 579 3644 ad
601 3603 747 3646 normam
769 3567 850 3643 artis
874 3581 1007 3643 criticae
1024 3588 1155 3659 exacta,
1179 3579 1213 3640 in
1237 3599 1372 3655 censum
1397 3602 1450 3644 ve·

301 3681 372 3742 nire
400 3689 528 3767 poterat
562 3693 644 3769 quae
670 3684 705 3745 in
733 3682 1007 3768 comparationem
1043 3688 1235 3765 perpetuam
1264 3691 1451 3746 vocaretur.

303 3781 368 3847 Sed
401 3782 534 3848 meliore
566 3793 725 3871 apparatu
757 3785 916 3846 instructo
945 3782 1154 3846 inhonestum
1180 3792 1345 3845 certamen
1377 3806 1451 3848 cum

302 3885 418 3948 inermi
452 3886 522 3950 lore
554 3885 778 3972 providebam.
824 3884 976 3948 Ceterum
1010 3884 1097 3971 quod
1125 3883 1332 3976 Ribbeckius
1363 3886 1452 3950 dixit

301 3985 476 4077 admodum
499 3978 707 4074 pauca'esse,
731 4009 815 4074 quae
828 3989 1012 4051 accuratius
1028 3989 1176 4051 excussis
1192 3985 1365 4071 argutiolis
1384 3987 1451 4053 illis

302 4087 385 4153 disci
413 4098 561 4176 possent,
591 4088 626 4153 id
648 4111 713 4153 non
734 4088 853 4154 falsum
882 4089 1014 4176 quidem
1037 4099 1101 4172 est,
1130 4087 1188 4153 sed
1212 4110 1253 4151 ex
1275 4092 1452 4154 sententiis

262 4182 267 4191 ’
301 4190 384 4254 male
413 4193 561 4255 excussis
590 4192 688 4256 etiam
714 4195 867 4278 pauciora
895 4190 1118 4254 redundatura
1146 4212 1217 4255 esse
1244 4190 1342 4253 facile
1372 4213 1451 4255 con·

302 4294 444 4357 cedetur.

385 4395 468 4460 Cum
489 4417 530 4459 ne
554 4395 714 4461 editiones
737 4396 867 4483 quidem
892 4417 1001 4460 omnes
1018 4394 1153 4460 Publilii
1177 4417 1366 4461 enumerare
1393 4419 1452 4465 vo·
