3044 5124
321 383 361 445 86
639 395 794 441 ruuumu
818 394 896 441 sum
919 394 1148 441 suuruurmu.

404 553 562 617 Miserum
585 559 634 613 θεῖ
655 557 761 610 tacere
784 549 867 631 cogi,
892 547 979 632 qued
1002 546 1114 632 cupias
1136 547 1238 632 loqui.

321 662 382 718 315
405 653 589 716 Miserrima
612 657 661 712 θεῖ
683 649 823 730 fortuna,
848 671 930 734 quae
946 650 1084 713 ‘inimice
1107 659 1207 713 caret.

404 754 510 817 Malus
534 761 583 815 θεῖ
605 750 783 833 vocandus,
807 752 863 836 qui
886 773 944 814 sue
967 759 1016 813 est
1038 771 1137 813 causa
1159 749 1275 815 bonus.

404 854 509 918 Malus
531 854 653 918 bonum
675 852 734 915 ubi
757 875 792 915 se
815 850 956 931 simulat,
979 860 1058 914 tunc
1081 861 1129 919 est
1152 857 1325 936 pessimus.

404 957 512 1022 Metus
536 977 609 1017 eum
632 955 735 1035 venit,
759 974 869 1017 rarum
891 952 991 1016 habet
1014 975 1145 1016 somnus
1167 953 1288 1017 locum.

404 1059 489 1122 Meri
511 1077 645 1120 necesse
669 1064 728 1137 est,
753 1055 812 1118 sed
834 1077 899 1119 non
921 1056 1072 1140 quotiens
1095 1054 1251 1120 volueris.
1355 1075 1357 1077 ’

295 1169 299 1175 '
323 1169 385 1226 320
407 1158 493 1224 Male
515 1155 651 1243 geritur,
676 1155 836 1242 quidquid
858 1158 983 1240 geritur
1005 1158 1157 1221 fortunae
1179 1157 1255 1221 fide.

404 1262 533 1325 Mertue
557 1262 612 1345 qui
637 1259 738 1322 mittit
760 1281 888 1337 munuS,
911 1256 957 1320 nil
981 1257 1037 1322 dat
1059 1257 1120 1340 illi,
1144 1258 1210 1322 sibi
1233 1260 1360 1324 sdimit.

332 1440 334 1442 q
403 1363 514 1426 Minus
539 1371 588 1426 est
611 1383 708 1446 quam
731 1382 845 1423 servus
869 1358 1030 1440 dominus,
1055 1361 1110 1445 qui
1134 1382 1247 1426 serves
1271 1363 1375 1425 timet.

403 1464 501 1548 Mage
523 1463 608 1526 fidus
632 1463 724 1526 heres
748 1463 894 1524 nascitur
916 1483 1014 1547 quam
1036 1461 1203 1526 scribitur.

404 1565 492 1630 Melo
515 1566 549 1627 iu
572 1562 708 1628 consilio
731 1564 873 1627 feminae
896 1565 1031 1627 vincunt
1054 1565 1154 1627 vires

299 1654 381 1734 '325
404 1667 493 1732 Mela
516 1675 565 1730 θεῖ
587 1665 737 1753 voluptas
761 1664 804 1728 ed
826 1663 969 1728 alienum
987 1671 1213 1729 consuescere.

403 1770 551 1833 Mtxime
573 1767 695 1853 pericle
720 1765 914 1848 custoditur,
939 1766 1026 1852 qued
1049 1766 1161 1830 multis
1185 1767 1304 1854 placet.

404 1869 492 1934 Mala
516 1879 565 1933 θεῖ
587 1869 760 1951 medicina,
784 1868 842 1931 ubi
864 1866 988 1953 aliquid
1011 1877 1146 1932 naturae
1169 1873 1265 1955 perit.

403 1971 510 2036 Malae
531 1980 667 2034 naturae
689 1991 865 2055 numquam
889 1967 1022 2034 doctore
1042 1968 1205 2054 indigent.

351 2069 359 2096 '
404 2072 555 2136 Misereri
579 2072 662 2134 scire
684 2051 754 2135 sine
777 2069 898 2157 periclo
922 2079 971 2134 est
994 2073 1118 2134 vivere.

323 2183 385 2241 330
407 2174 495 2237 Male
517 2174 646 2254 vivunt,
671 2175 728 2258 qui
751 2195 786 2237 se
808 2195 935 2258 semper
958 2174 1102 2238 victuros
1124 2184 1252 2260 putant.

324 2383 526 2390 ..--———

322 2518 455 2561 00n102s
472 2521 496 2557 v.
515 2502 697 2560 309-340:
721 2503 804 2559 Per
817 2499 913 2579 (rus)
964 2463 970 2469 ³

321 2639 386 2695 Mori
403 2646 445 2694 est
461 2638 577 2709 felicius,
594 2655 616 2692 u.
634 2654 669 2691 ru.
687 2639 806 2692 invoces.
894 2636 955 2692 314
979 2643 1068 2693 tacere
1085 2639 1107 2694 0
1122 2640 1279 2696 Erasmus.-
1296 2656 1379 2713 agere
1397 2640 1473 2696 PRF

405 2725 498 2796 cupies
515 2724 697 2779 Parrtlalcon
784 2720 844 2777 315
867 2722 994 2777 mearet
1009 2723 1061 2780 PR
1085 2723 1165 2779 Vinc.
1184 2725 1258 2780 Bell.
1273 2741 1319 2796 sp.
1333 2728 1359 2781 d.
1374 2724 1405 2796 4,
1418 2725 1466 2782 83:

324 2816 397 2864 earet
419 2809 455 2863 in.
479 2808 512 2876 C,
535 2809 656 2862 inimicos
679 2806 744 2861 lelel
765 2808 793 2861 F
877 2806 937 2863 316
960 2823 1008 2861 sue
1030 2815 1072 2863 est
1097 2801 1176 2863 'cause
1197 2810 1293 2866 PRF:
1314 2826 1364 2864 sue
1385 2829 1409 2866 θ.
1430 2818 1467 2865 θεῖ

326 2895 479 2962 Erasmus,
496 2901 537 2948 est
552 2910 574 2946 s.
591 2891 655 2947 ch
752 2891 811 2947 317
836 2891 880 2967 Of.
898 2910 923 2947 v.
940 2890 989 2948 20.
1008 2893 1057 2961 61.
1075 2893 1144 2950 368.
1161 2893 1224 2951 400
1312 2894 1414 2950 benum
1430 2895 1468 2950 ubi

324 2995 353 3033 se
369 2977 439 3033 PR:
462 2976 506 3031 ubi
527 2975 553 3032 b.
576 2993 605 3032 se
627 2977 696 3047 FE,
718 2984 799 3031 utsse
819 2975 843 3030 b.
862 2974 897 3046 0,
918 2976 1003 3030 melus
1026 2979 1066 3032 vir
1085 2977 1186 3034 bonum
1208 2978 1317 3051 quando
1340 2997 1369 3035 se
1394 2982 1467 3036 Vino.

324 3062 400 3118 Bcll.
418 3078 461 3132 sp.
478 3062 505 3116 d.
521 3060 552 3131 4,
570 3060 628 3116 129
726 3068 792 3116 tunc
808 3062 884 3133 peior
900 3069 952 3130 θεῑ,
968 3077 1059 3133 supra
1076 3080 1135 3118 ser.
1152 3063 1195 3118 vel
1210 3066 1347 3137 pessimus
1364 3067 1393 3121 Ε

322 3147 383 3202 318
407 3145 469 3200 dum
493 3144 676 3216 Godofredus
724 3170 726 3173 ·
792 3161 903 3221 sumnus
926 3147 964 3200 F.-
992 3163 1123 3220 sompnus
1147 3147 1283 3218 C,s0uus
1309 3150 1362 3206 PR

323 3231 383 3286 319
408 3239 450 3286 est
466 3231 528 3286 FC:
551 3231 585 3284 sit
601 3229 653 3285 PR
741 3232 847 3302 quoties
865 3231 1007 3286 Erasmus
1105 3220 1169 3289 320
1192 3233 1214 3288 0
1236 3234 1319 3289 Vinc.
1337 3235 1412 3290 Bell.
1429 3251 1465 3304 sp.

321 3317 348 3370 cl.
366 3315 395 3387 5,
413 3314 470 3369 121
574 3313 634 3371 321
658 3332 755 3369 munus
772 3315 817 3387 qui
833 3316 915 3369 mittit
932 3316 1043 3372 Gruter
1134 3317 1170 3372 nil
1188 3319 1349 3375 Erasmus:
1370 3318 1467 3375 nihill

408 3399 468 3456 322
488 3392 543 3455 ἘΟ
565 3400 643 3455 Vino.
662 3400 734 3456 Bell.
752 3416 795 3470 sp.
812 3391 891 3470 (4⁸4,
910 3398 957 3455 74.
978 3400 1046 3458 136.
1065 3402 1100 3472 6,
1119 3401 1156 3456 12
1251 3405 1322 3459 timit
1338 3404 1373 3474 Ρ,
1391 3404 1467 3458 samu-

322 3485 393 3540 letur
408 3484 550 3556 domium,
568 3483 612 3539 uhi
629 3486 705 3540 timet
721 3483 819 3557 quibus
834 3485 948 3556 imperet
963 3502 1076 3558 prorsus
1095 3487 1120 3541 Τ
1218 3487 1279 3543 323
1307 3487 1395 3561 Cfic.
1413 3487 1466 3542 222

407 3587 485 3644 mage
503 3571 625 3627 Gruter.-
648 3571 733 3642 magis
750 3569 810 3632 LO.-
832 3570 917 3643 magis
934 3570 1012 3626 heres
1029 3569 1098 3626 fidus
1113 3572 1267 3628 Pithoeus.
1342 3573 1403 3630 324
1426 3571 1470 3628 ΕΟ

335 3656 415 3711 Vinc.
438 3655 514 3711 Bell.
536 3671 580 3725 sp,
602 3657 628 3709 (l.
652 3654 753 3724 5,10.
775 3669 818 3725 sp.
835 3661 898 3709 nal.
916 3654 973 3725 31,
992 3655 1050 3712 115
1133 3650 1144 3679 ³
1158 3658 1185 3710 in
1207 3674 1260 3713 om.
1287 3659 1368 3714 Vinc.
1416 3712 1417 3716 ,

304 3739 386 3796 ,325
410 3729 535 3812 voluptas
557 3741 715 3794 Erasmus.-
739 3738 861 3794 veluntas
878 3737 948 3794 LC'
1032 3740 1124 3795 alienis
1147 3741 1310 3797 adsuescere
1333 3745 1470 3799 Erasmus

410 3822 470 3879 326
496 3823 538 3893 Cf.
561 3841 586 3878 v.
603 3822 664 3879 408
765 3823 868 3896 pericle
891 3824 1014 3880 Gruter:
1036 3825 1268 3898 pericule‘LEO,
1290 3844 1392 3902 magno
1415 3844 1469 3884 cum

324 3906 444 3979 periculo
461 3909 612 3962 Erasmus
645 3908 765 3963 Hieron.
782 3911 845 3964 cclv.
863 3909 954 3964 Ioein.
969 3911 1017 3965 lib.
1034 3910 1052 3965 I
1065 3912 1118 3966 sub
1132 3913 1184 3982 fin.
1230 3910 1368 3968 ‘Difficile
1384 3921 1471 3968 cusle-

324 3989 412 4060 ditur,
435 3990 509 4062 quod
529 3991 620 4062 plures
643 3994 753 4047 eruent!
855 3992 1052 4050 scsdoctore
1068 3993 1177 4051 PerO:
1199 3995 1344 4052 doctorem
1359 3997 1472 4067 Pa,*de·

323 4082 384 4130 tere
400 4075 435 4146 Ε,
452 4075 573 4130 doctrine
590 4077 733 4132 Erasmus
838 4077 898 4134 329
924 4078 968 4149 Cf.
985 4098 1009 4135 v.
1028 4079 1076 4134 77.
1096 4080 1157 4136 170
1266 4081 1390 4137 misereri
1407 4084 1475 4138 scire

324 4164 438 4216 restitui
452 4176 492 4216 ex
508 4161 578 4216 RE:
601 4161 690 4216 miscri
706 4163 774 4216 seire
789 4163 830 4233 P,
851 4164 985 4219 miseriam
1001 4165 1105 4220 nescire
1121 4165 1148 4220 F
1162 4166 1325 4236 Ενθεθιθε,
1348 4169 1473 4222 miserum

324 4253 365 4300 θεῖ
386 4246 443 4301 sine
459 4245 581 4319 periculo
597 4246 701 4300 nescire
716 4246 843 4303 vivereC
926 4249 1027 4320 periclo
1045 4250 1167 4306 Gruter.-
1190 4250 1313 4322 periculo
1331 4251 1370 4321 L,
1394 4261 1472 4309 ests.

324 4347 351 4400 p.
367 4331 456 4385 vivere
473 4331 616 4386 Erasmus
716 4330 778 4387 330
800 4331 851 4386 EO
872 4332 951 4388 Vinc.
972 4334 1042 4390 Bell.
1065 4351 1108 4406 sp.
1130 4337 1156 4390 cl.
1175 4334 1209 4406 5,
1229 4335 1299 4391 104.
1318 4353 1364 4407 sp.
1378 4355 1409 4392 n.
1427 4338 1475 4407 31,

328 4413 396 4468 101.
430 4413 475 4487 Cf.
495 4415 561 4476 Seu,
579 4419 660 4485 epist.
678 4414 730 4486 23,
749 4416 788 4472 ’10
804 4415 880 4472 ‘Male
897 4417 1004 4488 vivunt,
1022 4421 1067 4492 qui
1083 4436 1191 4493 semper
1206 4421 1296 4474 vivere
1313 4420 1472 4495 incipiunt!
