3014 5116
116 1315 125 1331 ⁸
234 1301 265 1391 1.
316 1301 375 1384 De
405 1292 577 1385 Publilio
609 1300 703 1410 Syro
735 1254 1024 1411 mimographo.
1120 1424 1123 1435 Χ

15 1530 29 1546 ““
143 1520 271 1583 Nomen
287 1517 420 1583 Publilii
437 1518 512 1604 Syri
535 1522 643 1584 varias
667 1527 837 1605 expertum
860 1527 909 1582 est
931 1519 1080 1582 fortunae
1102 1519 1201 1603 vices.

56 1622 142 1684 Nam
166 1641 239 1683 cum
261 1642 319 1707 per
341 1629 462 1704 toturn,
491 1621 579 1706 quod
602 1620 740 1703 dieunt,
761 1622 904 1685 medium
926 1642 1045 1685 aevum
1066 1621 1101 1683 in
1123 1619 1202 1684 obli-

56 1724 189 1787 vionem
212 1723 385 1786 cecidisset
407 1732 439 1786 et
455 1721 578 1787 Seneca
600 1721 810 1810 philosophus
833 1746 943 1787 earum
959 1723 1203 1802 sententiarum,

57 1846 138 1910 quas
155 1823 329 1906 edidimus,
345 1835 460 1899 auctor
475 1834 561 1889 esset
576 1825 720 1908 habitus,
738 1827 849 1889 extitit
864 1825 995 1911 quidem
1010 1824 1203 1888 Desiderius

57 1927 233 2008 Erasmus,
264 1928 319 2012 qui
348 1926 421 1991 illas
444 1949 502 1991 suo
528 1929 654 1992 auctori
676 1927 874 2010 vindicaret,
904 1927 962 1991 sed
984 1927 1071 1992 idem
1093 1949 1203 1991 recen-

57 2030 177 2093 tiorum
200 2027 358 2094 librorum
380 2021 571 2116 corruptelis
595 2031 629 2092 in
652 2051 792 2093 errorem
814 2029 1010 2115 implicatus,
1033 2041 1101 2093 tam
1116 2050 1203 2092 mon-

58 2139 201 2194 strosum
216 2130 348 2194 induxit
365 2130 505 2194 Publii
523 2130 615 2217 Syri
636 2153 764 2214 nomen,
781 2141 817 2194 ut
833 2131 993 2217 quomodo
1009 2152 1205 2219 praenomen

58 2234 93 2296 in
115 2254 233 2296 nomen
254 2231 378 2316 gentile
400 2232 529 2314 abierit,
553 2236 612 2298 vix
635 2233 791 2320 explices,
814 2235 879 2297 nisi
901 2233 986 2297 forte
1006 2232 1048 2297 ad
1065 2232 1204 2296 celeber-

58 2336 178 2398 rimum
201 2336 281 2398 iuris
304 2336 527 2422 interpretem,
552 2334 673 2399 Gaium
696 2336 780 2417 dico,
804 2334 856 2398 vel
878 2334 921 2398 ad
937 2335 1084 2399 Marcum
1108 2357 1205 2398 evan-

58 2435 211 2520 gelistam
240 2435 324 2500 velis
354 2458 542 2523 provocare.
587 2438 716 2502 Nostris
746 2447 853 2501 autem
883 2437 1100 2523 temporibus,
1132 2458 1205 2500 cum

59 2536 220 2622 Silligius,
244 2537 453 2603 doctissimus
469 2538 569 2601 Plinii
593 2537 709 2620 editor,
725 2539 951 2631 auctoritatem
973 2538 1094 2602 codicis
1110 2539 1205 2600 Bam-

59 2639 232 2724 bergensis
249 2650 389 2721 secutus,
406 2662 520 2703 verum
535 2639 711 2704 Publilii
733 2662 851 2704 nomen
866 2649 981 2727 poetae
996 2639 1205 2721 reddidisset,

58 2765 78 2805 a
100 2741 225 2823 multis,
248 2752 285 2805 ut
308 2751 358 2805 est
381 2740 613 2805 difficillimum
635 2741 821 2807 diuturnam
844 2743 976 2806 vincere
999 2741 1205 2806 consuetudi-

58 2865 146 2925 nem,
172 2845 202 2906 ei
226 2842 387 2927 denegata
410 2851 459 2906 est
481 2842 574 2926 fides,
598 2843 700 2909 doner
716 2839 897 2927 Ciceronis,
922 2844 1064 2908 Senecae
1087 2852 1119 2907 et
1135 2842 1206 2906 rhe-

58 2947 140 3010 toris
164 2955 195 3008 et
217 2944 414 3032 philosophi,
439 2944 551 3028 Gellii,
574 2946 746 3028 Macrobii,
770 2945 964 3032 Hieronymi
988 2945 1089 3025 libros
1110 2964 1208 3008 manu

23 3040 27 3048 ”
59 3048 200 3134 scriptos
220 3046 308 3110 idem
323 3046 460 3111 Publilii
476 3071 626 3113 servasse
641 3070 759 3113 nomen
774 3049 926 3113 innotuit.
972 3047 1023 3112 Of.
1039 3046 1124 3111 Plin.
1140 3056 1207 3109 nat.

60 3149 137 3212 hist.
161 3151 218 3232 35,
241 3150 301 3229 58,
333 3149 410 3232 199,
444 3150 512 3214 Cic.
541 3150 584 3213 ad
612 3151 713 3223 Attio.
740 3150 794 3231 14,
817 3151 853 3233 2,
884 3151 959 3216 Sen.
983 3158 1129 3214 controv.
1154 3171 1207 3235 pg.

60 3251 136 3332 202,
159 3251 211 3314 24.
234 3251 308 3334 206,
333 3253 363 3314 6.
381 3252 410 3315 8.
426 3253 477 3316 20.
502 3250 575 3316 coll.
591 3250 665 3333 206,
681 3253 712 3316 2.
728 3253 801 3334 211,
824 3252 867 3315 24
882 3252 977 3315 Burs.
1022 3251 1208 3338 Sengepist.

60 3354 91 3435 8,
111 3353 147 3435 8,
173 3351 259 3417 Gell.
283 3375 315 3415 n.
331 3375 361 3415 a.
379 3354 428 3434 17,
448 3354 504 3438 14,
528 3353 675 3417 Macrob.
699 3353 765 3418 sat.
781 3353 812 3434 2,
829 3354 859 3434 7,
883 3347 948 3434 §b
965 3353 994 3416 6.
1011 3352 1047 3435 8,
1071 3352 1208 3416 Hieron.

59 3453 103 3517 ad
126 3453 249 3518 Euseb.
273 3454 390 3520 Ohron.
409 3455 491 3519 1974
512 3456 653 3519 Amand.

147 3556 243 3619 Nunc
271 3556 419 3637 demum,
453 3560 636 3643 postquam
654 3558 696 3619 in'
716 3555 880 3639 Philologi
912 3553 976 3618 vol.
1008 3554 1126 3619 XXII.
1156 3577 1208 3640 pg.

60 3658 124 3722 439
150 3679 222 3743 seq..
241 3666 389 3723 veterum
419 3649 622 3741 testimonia,
653 3667 776 3745 quanta
804 3656 875 3720 fieri
903 3665 1030 3743 poterat
1056 3656 1122 3719 fide
1147 3654 1210 3721 eol-

61 3758 145 3844 legi,
181 3758 317 3823 Publilii
352 3782 469 3826 nomen
496 3783 516 3822 a
544 3759 725 3847 plerisque,
760 3761 845 3823 inter
879 3781 960 3845 quos
993 3758 1210 3823 Ritschclium
1236 3823 1238 3827 f

60 3861 194 3927 honoris
225 3884 324 3926 causa
352 3864 484 3927 nomino
516 3862 641 3947 (opusc.
671 3860 783 3949 philol.
813 3861 977 3945 11063),
1008 3861 1139 3946 probari
1162 3860 1210 3922 vi-

64 3965 125 4028 deo
150 3964 245 4039 etab
269 3965 309 4027 iis
332 3972 498 4051 receptum
522 3984 592 4027 esse
614 3963 737 4045 laetor,
763 3964 818 4048 qui
846 3961 1027 4026 litterarum
1050 3964 1210 4027 Romana:

60 4089 132 4130 rum
156 4065 325 4131 historiam
340 4067 526 4153 nuperrime
545 4065 818 4151 conscripserunt,
836 4064 977 4128 Baehrio
994 4072 1025 4127 et
1043 4062 1211 4126 Teuffelio.

61 4168 214 4253 Denique
250 4169 278 4232 si
314 4168 386 4253 quis
421 4165 600 4250 Publilium
634 4188 653 4229 a
681 4166 824 4230 librariis
860 4167 895 4228 in
928 4165 1082 4229 Publium
1116 4186 1213 4252 saepe
1293 4237 1296 4247 ἱ

63 4271 279 4356 depravatum
308 4291 379 4333 esse
406 4278 442 4333 ut
469 4267 618 4355 pluribus
651 4266 812 4355 exemplis
848 4267 1057 4331 confirmetur
1085 4265 1212 4330 deside-

59 4383 126 4453 ret,
157 4373 237 4436 satis
260 4392 413 4455 magnum
437 4371 583 4457 proferre
613 4369 757 4435 locorum
786 4391 956 4433 numerum
987 4391 1039 4433 res
1063 4371 1125 4433 erit
1146 4391 1211 4433 non

808 4478 812 4484 .
973 4477 1006 4523 1*
