3014 5116
253 309 295 371 48
691 322 964 372 rnonuoouuun.

253 478 328 542 otiis
354 478 482 558 quoodo
515 476 607 540 rebus
635 479 745 540 otterrti
766 481 840 540 sarit
861 478 965 540 opiroi
988 475 1071 561 (55
1095 478 1225 540 animos
1249 451 1333 540 otios
1352 496 1393 540 res

253 579 343 662 opit),
367 578 557 662 genetivum
580 599 612 644 r.
630 577 691 640 112
707 580 846 660 possidet
862 579 1051 660 popotorom
1075 578 1156 642 borio
1172 577 1328 663 (popuii),
1348 599 1403 648 ae,

140 759 142 763 y
212 743 214 746 Α
254 679 437 743 cusativum
465 701 497 742 v.
522 678 581 743 157
610 698 771 760 sopperere
799 680 859 743 teta
882 677 1021 763 (tetam),
1052 677 1393 760 anteponimur

256 775 520 866 (quemeumque),
546 778 727 843 ablativum
749 803 781 843 v.
802 781 860 845 116
883 785 968 845 roret
983 781 1136 863 perieulis
1159 782 1329 866 (perieto):
1351 782 1392 844 iu-

176 907 177 910 *
254 882 415 962 bebantur
436 881 601 945 adieetiva
617 883 839 968 comparativo
855 881 908 945 vel
924 880 1124 967 superlativo
1140 881 1269 964 efferre,
1293 904 1325 945 v.
1339 883 1391 946 337

255 986 378 1050 totidem
394 989 573 1066 proreperet
594 985 778 1065 ampliorem
801 984 886 1067 (loos
909 984 1106 1066 amplissimo
1129 985 1198 1069 est),
1222 977 1257 1046 ir.
1273 984 1335 1048 423
1353 985 1392 1047 rit
1438 1014 1439 1017 ¹

254 1088 378 1168 turpius
401 1088 488 1150 otras
511 1085 639 1170 (torpe),
662 1107 694 1152 v.
721 1085 779 1148 127
797 1087 890 1168 peius
910 1107 950 1150 rte
972 1086 1114 1167 loquoris
1136 1084 1260 1169 (mate),
1285 1107 1317 1148 v.
1338 1085 1392 1148 482

155 1203 156 1207 ’
252 1188 500 1269 frequentissime
516 1187 681 1271 (assidue),
698 1209 729 1250 u.
745 1187 808 1251 542
819 1188 894 1268 ptos
906 1225 944 1235 -
958 1189 1064 1251 5553
1080 1187 1200 1272 (omres
1208 1226 1252 1235 -
1263 1188 1391 1269 ooltoslt

254 1312 286 1353 v.
302 1290 364 1353 227
381 1298 414 1353 ot
428 1289 490 1352 243
506 1311 604 1375 supra
626 1289 748 1374 scripta
768 1288 870 1352 fuisse
893 1286 1025 1351 videtur
1048 1290 1266 1374 comparativi
1288 1289 1390 1367 forma,

252 1393 391 1473 pronior,
407 1391 559 1454 miserior.
582 1389 755 1454 Praeterea
771 1389 973 1454 docebantur
987 1411 1170 1477 synonyma
1189 1390 1391 1470 substituere,

256 1515 287 1556 v.
310 1493 374 1555 214
394 1494 483 1557 oirrts
511 1490 708 1576 (55555),
737 1491 799 1556 233
826 1492 1014 1556 honestatem
1038 1491 1311 1578 (59555555),
1338 1492 1392 1555 234

255 1595 382 1675 libertos
404 1592 573 1676 (tripertitos
588 1594 742 1677 55553),
765 1593 829 1657 310
843 1594 1061 1657 55755755
1084 1594 1289 1678 (iniurium),
1314 1616 1343 1656 v.
1358 1593 1389 1656 91

233 1697 419 1760 -reoertitpr
441 1696 561 1781 (rectit),
587 1695 647 1758 109
667 1695 750 1776 ferre
773 1696 884 1779 (poti),
911 1695 971 1758 116
990 1700 1101 1759 coptos
1122 1700 1166 1759 est
1190 1695 1315 1781 (roret),
1340 1694 1391 1757 196

254 1799 427 1862 stelitisoerrs
449 1797 519 1882 (qai
542 1797 627 1881 lutet)
652 1805 713 1860 ete.
758 1795 852 1859 Talia
875 1795 997 1860 clarum
1021 1805 1070 1860 est
1090 1795 1226 1860 Publilii
1249 1797 1391 1860 versibus

253 1922 273 1962 a
287 1898 358 1961 ludi
379 1900 535 1983 magistro
558 1900 593 1961 in
607 1921 701 1962 usum
718 1921 812 1962 suum
828 1898 1075 1984 suprascripta,
1098 1897 1163 1979 vel,
1187 1898 1277 1984 quod
1294 1920 1391 1961 exem-

254 2000 308 2087 pla
331 2001 448 2065 donent
463 2000 550 2063 infra
565 1999 741 2086 adscripta,
765 2003 799 2062 in
816 1999 1096 2084 dextro'margine
1111 1999 1268 2064 adnotata
1284 2001 1391 2081 fuisse,

254 2112 369 2191 postea
391 2102 554 2187 imperitia
575 2100 793 2183 librariorum,
817 2099 909 2188 quasi
931 2101 1163 2185 grammaticus
1181 2101 1392 2166 adnotationi-
1444 2117 1445 2195 ᾗ

254 2207 314 2268 bus
339 2205 405 2268 suis
421 2201 600 2267 Publilium
623 2203 785 2287 corrigere
800 2201 969 2285 voluisset,
993 2205 1066 2292 ipsa
1082 2213 1198 2290 poetae
1213 2204 1319 2268 verba
1333 2203 1393 2268 loro
1444 2204 1445 2243 ἶ

255 2305 427 2370 deturbata
451 2307 535 2368 sunt.
580 2305 665 2367 Nam
688 2305 721 2366 in
745 2327 781 2369 eo
802 2303 897 2386 libro,
922 2328 963 2368 ex
987 2328 1049 2391 quo
1065 2305 1257 2370 Turieensis
1282 2307 1393 2370 deseri-

257 2420 331 2494 ptus
355 2417 414 2490 est,
438 2417 610 2494 utrumque
633 2408 789 2492 seriptum
804 2407 917 2488 fuisse,
940 2417 974 2483 et
989 2406 1211 2471 Publilianum
1226 2418 1259 2472 et
1278 2407 1394 2473 schola-

255 2511 369 2574 sticam
393 2511 705 2596 interpretationem,
729 2508 962 2595 librariosque
985 2509 1046 2572 fuit
1068 2511 1101 2573 in
1120 2509 1341 2590 describendo
1355 2512 1395 2573 in-

256 2614 420 2699 sipientia,
444 2614 524 2676 satis
547 2611 704 2698 prodidit.
750 2610 801 2678 Of.
825 2634 858 2678 v.

307 2745 340 2792 86
365 2736 535 2811 orionas
557 2743 597 2797 est
617 2741 651 2797 iro
672 2755 703 2795 re
725 2738 848 2796 octrerso
869 2737 1050 2811 sobiorpntio
1072 2737 1175 2795 serbo
1196 2739 1242 2794 eret
1263 2706 1380 2796 suerro.

275 2848 339 2895 309
362 2841 512 2913 Motiprios
532 2843 598 2912 fieri
619 2842 774 2899 portae
795 2843 926 2914 irroratos
945 2833 1044 2898 'rtoeere
1065 2857 1178 2912 saepe.

290 2950 339 2996 452
362 2942 497 2999 Poriorrto
519 2943 669 3002 timidos
691 2943 778 2999 etiem
800 2961 874 3014 quoe
896 2960 957 3000 55
978 2947 1047 3000 sarit
1067 2943 1142 3000 rietet
1158 2958 1381 3017 praesopus.

293 3051 341 3098 174
362 3043 486 3101 Fatetur
506 3042 624 3114 ferinos
641 3048 820 3119 prompte,
844 3028 895 3116 qai
915 3045 1057 3102 557555
1077 3043 1154 3118 sepit
1175 3045 1383 3115 manifeste.

220 3200 236 3215 ¹·
255 3173 412 3237 Eiusdem
434 3174 562 3256 generis
586 3183 660 3236 sunt
683 3195 714 3235 v.
735 3173 794 3237 125
813 3174 887 3238 betto
911 3183 943 3237 et
958 3175 1125 3257 proeliari,
1149 3158 1214 3237 661μ
1227 3176 1404 3240 dinoscitur

255 3285 287 3338 et
309 3277 446 3354 ridetur,
476 3275 631 3339 66455
653 3275 730 3339 ootes
752 3284 784 3338 et
800 3276 982 3364 75575570,
1006 3275 1068 3339 672
1083 3270 1218 3339 55585
1241 3285 1273 3340 et
1297 3281 1404 3343 erimi-

254 3379 340 3456 rrori,
364 3375 427 3440 675
448 3378 550 3441 5575
573 3385 604 3440 et
623 3378 778 3460 persolvit,
802 3377 865 3440 692
886 3378 968 3441 rotet
989 3387 1021 3441 et
1042 3382 1169 3459 reprrnt;
1192 3377 1256 3442 663
1266 3401 1405 3460 prorsus

254 3478 297 3542 ad
320 3477 548 3565 explicandam
571 3499 684 3543 vocem
706 3481 812 3561 atique
834 3478 1035 3564 adscriptum
1056 3477 1206 3543 adhaesit
1229 3481 1260 3543 oi
1277 3483 1404 3565 versui,

254 3583 366 3667 quiin
389 3581 560 3645 Turioensi
583 3582 731 3669 proxime
754 3581 911 3667 sequitur,
934 3602 966 3644 v.
990 3580 1063 3644 322.
1101 3579 1142 3643 V.
1164 3580 1224 3644 401

318 3705 411 3765 Notio
433 3711 479 3790 est
494 3709 590 3765 555
610 3708 721 3764 55575
737 3724 835 3779 poerto
858 3724 947 3778 qaam
967 3707 1169 3764 rreeessitos
1190 3708 1332 3779 irrepta.

143 3808 144 3818 ¹
256 3816 366 3903 (Publ.
390 3839 485 3900 poert
506 3818 706 3902 ioybtieitcrs),
736 3817 891 3882 librarius
913 3819 1043 3882 nescius
1065 3819 1144 3904 quid
1167 3817 1231 3882 duo
1256 3822 1406 3884 nomina-

150 3991 152 3994 ·
255 3919 316 3981 tivi
341 3918 404 3981 sibi
427 3917 563 4000 vellent,
588 3941 685 4005 supra
708 3922 829 4007 scripto
853 3922 886 3984 ti
899 3922 1042 3984 correxit
1066 3922 1273 4001 neeessitatis,
1296 3944 1406 4009 neque

254 4020 351 4085 aliter
371 4043 403 4085 v.
427 4021 489 4086 657
557 4015 561 4021 ’

298 4127 457 4189 005555
478 4131 513 4188 5
534 4129 662 4188 odoersis
683 4130 887 4190 medietate
907 4130 1107 4190 remediari
1122 4131 1280 4205 55555
1302 4138 1355 4203 est,

256 4243 450 4309 vocabulum
466 4245 629 4309 raedieirto
644 4244 926 4332 interpretamenti
946 4243 1016 4310 loeo
1039 4244 1081 4308 ad
1097 4230 1212 4309 vocem
1226 4248 1405 4313 555555

254 4345 467 4433 adscriptum,
492 4347 640 4434 sequenti
664 4345 871 4414 substantivo
894 4346 1084 4433 adaptatum
1107 4359 1166 4411 est.
