3044 5124
306 1371 526 1459 Sententiae
556 1370 653 1457 falso
683 1371 785 1457 inter
816 1371 1056 1458 Publilianas
1087 1383 1268 1486 receptae
1282 1373 1337 1490 ξ).

330 1572 494 1637 Aberrare
515 1593 536 1634 a
557 1570 690 1637 fortuna
712 1581 769 1635 tua
790 1593 856 1636 non
879 1581 982 1658 potes,
1006 1570 1137 1637 obsidet
1159 1582 1203 1639 te.
1236 1650 1241 1654 .

329 1673 597 1740 Abominandum
618 1673 754 1738 remedii
777 1695 880 1758 genus
904 1673 1041 1739 salutem
1065 1673 1185 1740 debere
1207 1678 1336 1743 morbo.

331 1778 501 1841 Acerrima
524 1777 628 1840 virtus
652 1784 712 1858 est,
736 1797 834 1862 quam
855 1774 971 1841 ultima
992 1779 1172 1844 necessitas
1197 1781 1339 1846 excutit.

277 1952 279 1957 ,
330 1880 486 1966 Accipias
509 1886 655 1965 praestat
677 1899 774 1966 quam
796 1877 918 1943 inferas
941 1880 1106 1944 iniuriam.

290 1989 308 2046 5
331 1981 386 2045 Ad
408 1981 472 2045 duo
495 1980 656 2070 festinans
678 1990 829 2045 neutrum
851 1979 935 2044 bene
958 1983 1136 2067 peregeris.

331 2084 363 2147 A
385 2082 512 2146 duabus
536 2083 642 2146 causis
664 2077 830 2168 praestare
852 2083 1004 2171 princeps
1027 2083 1119 2167 solet,
1143 2086 1171 2149 si
1193 2093 1253 2151 aut
1275 2108 1312 2151 se
1328 2087 1400 2152 vin-

859 2184 947 2249 dicat
969 2194 1027 2250 aut
1048 2185 1159 2251 alium.

333 2284 389 2350 Ad
412 2285 608 2350 excutienda
629 2284 696 2350 tela
717 2285 875 2350 militares
900 2286 1156 2353 lacertivalent.

332 2387 388 2452 Ad
411 2388 629 2475 suspicionem
651 2387 796 2452 vulneris
819 2389 883 2453 cito
906 2388 1065 2476 pallescit.

333 2489 474 2555 Adulter
497 2499 546 2554 est
568 2489 680 2554 uxoris
703 2499 829 2554 amator
850 2491 967 2556 acrior.

272 2601 311 2658 10
333 2592 448 2679 Acquo
470 2593 579 2656 animo
602 2593 659 2678 qui
681 2590 776 2656 malis
798 2593 963 2676 miscetur,
988 2602 1037 2658 est
1059 2592 1176 2659 malus.

315 2684 402 2759 ¹Aes
427 2693 609 2760 debitorem
631 2693 714 2775 leve,
737 2715 839 2778 grave
861 2695 1029 2759 inimicum
1051 2695 1142 2761 facit.

333 2797 480 2862 Affectus
504 2796 637 2883 quidem
658 2805 725 2860 tam
747 2795 825 2860 mali
846 2797 991 2863 ministri
1013 2807 1088 2864 sunt
1112 2821 1210 2885 quam
1232 2800 1349 2865 duces,

250 3097 252 3101 <
334 3053 502 3134 Adnototio]
525 3056 558 3130 †)
574 3057 624 3115 Eas
640 3061 718 3132 primi
733 3067 895 3132 receperunt
911 3061 940 3115 E
952 3058 1116 3134 (Erasmus),
1137 3062 1185 3117 Ρη
1200 3062 1403 3136 (panthaleon),

251 3144 329 3216 S(H.
346 3142 525 3218 Stephanus),
552 3143 591 3198 Pr
612 3140 780 3218 (Pithoeus),
809 3145 850 3200 Gr
870 3142 981 3216 (Gruter
1001 3147 1028 3201 in
1050 3146 1112 3203 edit.
1136 3163 1160 3202 a.
1186 3146 1299 3220 1604),
1326 3149 1402 3205 012

251 3228 332 3302 (idem
352 3230 380 3285 in
401 3228 466 3284 edit.
489 3245 512 3284 a.
532 3228 639 3301 1610),
661 3231 705 3286 Be
721 3227 895 3302 (bentleius),
918 3231 962 3287 Bo
978 3229 1129 3303 (Rothius),
1152 3233 1180 3288 R
1197 3227 1403 3308 (Reinholdus),

251 3315 274 3383 Q
290 3314 353 3386 (iul.
370 3313 514 3382 Quicherat
529 3317 557 3370 in
573 3314 805 3388 ephemeridibus,
822 3313 919 3387 quibus
935 3315 1031 3371 titulus
1047 3315 1236 3390 BihHothbquc
1253 3318 1288 3373 de
1304 3318 1403 3375 l’eoole

250 3400 297 3456 des
313 3399 424 3455 Chartes
440 3399 493 3455 vol.
510 3398 539 3454 li.
559 3398 649 3457 1840.
671 3399 762 3455 fascic.
781 3399 808 3455 2.
826 3417 873 3473 pg.
894 3399 952 3456 115
969 3397 1050 3476 sqq.)
1095 3401 1241 3458 Praeterea
1262 3402 1318 3459 hoc
1339 3403 1401 3460 loco

252 3487 321 3559 typis
347 3484 535 3542 describendas
557 3487 672 3557 curavi,
690 3501 755 3558 quas
777 3501 792 3540 e
813 3487 996 3559 manuscripto
1017 3487 1114 3560 petitas
1136 3487 1167 3542 G.
1191 3487 1331 3543 Fabricius
1355 3487 1404 3560 (F)

250 3573 322 3627 inter
343 3569 503 3626 ‘sententias
526 3572 612 3626 mimis
628 3569 715 3625 Publii
736 3569 850 3625 similes’
873 3570 971 3640 edidit3
995 3587 1027 3626 ex
1049 3572 1078 3627 D.
1097 3571 1247 3628 Gedosredi
1264 3571 1331 3645 (Gn)
1348 3574 1404 3629 edi·

251 3657 324 3711 tione
340 3655 429 3727 recepi
444 3657 590 3711 sententias
606 3654 781 3728 interpolatas
797 3654 1004 3711 Proverbiorum
1022 3651 1065 3730 (ol.
1082 3656 1192 3731 Proleg.
1209 3657 1260 3712 24.
1271 3657 1337 3730 26),
1354 3659 1403 3715 Βο-

252 3741 300 3796 thii
322 3740 438 3812 denique
458 3756 513 3795 non
535 3757 628 3796 omnes
644 3740 782 3811 dedimus,
805 3740 852 3794 sed
870 3747 974 3796 tantum
990 3758 1038 3816 per
1054 3750 1172 3797 saturam
1188 3741 1316 3800 selectas.

253 3826 344 3880 lGo.
362 3822 425 3878 Scn.
442 3823 567 3881 declam.
587 3824 616 3897 1,
632 3825 696 3897 8,2
793 3824 1204 3899 2R.Sen.deira1,12,6
1305 3829 1401 3885 3Go.

250 3909 312 3964 Son.
329 3909 363 3963 de
378 3907 455 3963 clem.
474 3909 502 3980 1,
520 3910 569 3980 12,
587 3908 605 3965 5
671 3908 690 3964 4
713 3908 766 3966 Bo.
840 3909 858 3966 5
883 3911 936 3967 Bo.
954 3910 993 3966 01.
1012 3911 1076 3968 Cato
1093 3929 1136 3987 ap.
1146 3911 1222 3968 ’cett
1241 3912 1293 3984 16,
1313 3913 1367 3986 14,
1385 3912 1402 3968 2

332 3994 349 4050 6
375 3994 425 4049 Ge.
438 3989 612 4070 proestare]
629 3998 735 4065 punire
750 3994 813 4050 Seu.
830 3995 863 4051 de
878 3995 956 4051 clem.
976 3997 1004 4069 1,
1022 3996 1072 4068 20,
1091 3998 1107 4052 1
1191 3997 1208 4052 7
1232 3998 1271 4054 R.
1289 3997 1356 4054 Seu.
1372 3999 1404 4054 de

252 4079 355 4153 provid.
372 4077 403 4151 4,
421 4077 460 4135 13
567 4079 585 4135 8
610 4081 644 4135 R.
662 4079 723 4135 Sen.
740 4079 774 4135 dc
790 4080 895 4153 provid.
911 4075 941 4152 4,
960 4082 977 4138 7
1085 4083 1103 4139 9
1127 4082 1175 4139 Pa
1192 4081 1267 4137 Sexti
1283 4082 1402 4157 Pythag.

252 4173 323 4220 sent.
346 4182 359 4219 a
381 4163 478 4220 Rufino
507 4180 653 4220 conversae
675 4163 751 4233 2223
781 4164 891 4221 Hieron.
919 4166 978 4221 adv.
1003 4166 1094 4223 tovtn.
1117 4184 1139 4222 c.
1164 4167 1263 4224 30:
1280 4168 1346 4225 Seu.
1373 4168 1406 4224 de

253 4251 366 4305 matrim.
383 4249 435 4323 lrg.
452 4248 493 4307 84
515 4249 562 4304 lla.
579 4249 654 4305 Viuo.
672 4248 735 4304 Bell.
758 4267 799 4324 sp.
823 4249 848 4305 d.
872 4249 905 4324 4,
925 4251 973 4308 98.
997 4253 1031 4325 6,
1050 4253 1077 4308 7.
1113 4251 1231 4307 616111.
1257 4253 1292 4308 de
1314 4261 1404 4310 const.

192 4350 201 4370 f
252 4350 308 4407 sap.
326 4335 355 4406 7,
371 4333 398 4389 4.
489 4328 528 4392 iO
550 4337 584 4391 F.
601 4334 767 4390 Pscudosen.
785 4335 818 4390 de
833 4353 902 4392 mor.
919 4336 958 4393 75
1048 4337 1084 4392 11
1108 4337 1158 4393 Pr.
1175 4337 1238 4393 San.
1257 4339 1339 4412 epist.
1357 4340 1405 4411 19,

254 4417 293 4474 12
393 4419 431 4475 12
453 4419 568 4477 R.Sen.
587 4420 674 4475 deira
691 4420 719 4492 1,
736 4419 801 4493 9,4
