3044 5124
398 978 575 1053 Addenda
602 985 640 1054 et
667 980 897 1077 Corrigenda.

594 1165 701 1174 ι--.

143 1284 177 1341 In
195 1283 366 1350 corrigendis
384 1283 506 1349 plagulis
526 1298 585 1333 cum
607 1279 680 1334 Cur.
697 1280 872 1349 Halmius,
892 1288 1010 1350 quinon
1030 1289 1082 1339 sibi
1095 1290 1144 1340 sed
1158 1290 1223 1342 aliis

69 1356 100 1401 et
121 1350 223 1402 litteris
240 1356 322 1404 natus
340 1367 401 1402 esse
420 1350 539 1414 videtur,
558 1351 698 1402 indefesso
717 1368 759 1402 me
774 1353 866 1404 studio
885 1354 1040 1420 adiuvaret,
1061 1357 1221 1410 factumest

69 1423 104 1468 ut
125 1419 274 1478 nonnullae
295 1421 354 1470 eius
378 1420 568 1477 coniecturae,
595 1435 662 1484 quas
682 1436 715 1470 ne
734 1421 880 1486 typotheta
903 1423 986 1473 nimis
1009 1430 1157 1475 vexaretur
1176 1427 1223 1477 ad·

69 1488 215 1537 notationi
235 1488 350 1539 criticae
369 1488 491 1538 inserere
509 1487 653 1538 molestum
673 1493 742 1550 erat,
760 1491 950 1554 opportuniori
962 1491 1024 1542 loco
1037 1494 1222 1545 reservandae

70 1558 179 1605 essent.
214 1555 271 1606 Eas
291 1556 376 1622 igitur
398 1554 543 1620 hocloco,
568 1570 620 1620 quo
643 1555 804 1621 palinodiae
827 1559 907 1609 nobis
931 1560 1078 1610 canendae
1102 1562 1222 1626 fuerunt,

68 1624 265 1688 proponendas
286 1623 515 1675 existimavimus.

141 1689 183 1740 Ad
202 1707 265 1758 pag.
287 1694 326 1742 15.
363 1691 441 1753 Quod
461 1690 517 1740 dixi
536 1691 684 1741 Publilium
704 1693 859 1743 sententias
878 1696 911 1744 36
930 1699 958 1744 et
969 1695 1020 1746 458
1039 1696 1074 1746 ab
1088 1697 1221 1763 Euripide

68 1760 239 1824 sumpsisse,
265 1759 292 1809 id
312 1760 408 1825 scripsi
434 1760 601 1809 auctoritate
620 1759 772 1825 scaligeri,
798 1776 877 1825 quem
900 1762 954 1816 vid¹
973 1763 1084 1828 epistul.
1111 1767 1160 1816 343
1180 1766 1221 1820 ed,

67 1827 208 1882 Francos.
226 1829 292 1878 anni
313 1830 386 1880 1627.
423 1827 475 1877 Sed
495 1843 547 1892 quo
566 1825 627 1877 loco
640 1827 768 1892 legantur
780 1844 877 1879 versus
889 1832 984 1894 graeci
998 1832 1026 1880 in
1039 1831 1221 1884 adnotatione

68 1895 108 1946 ad
127 1895 158 1950 ll.
178 1910 219 1945 cc.
240 1912 257 1945 a
280 1896 358 1947 uobis
384 1895 530 1960 adscripti,
559 1897 639 1945 immo
663 1897 755 1945 sintne
779 1913 808 1947 re
834 1912 900 1947 vera
925 1899 1066 1964 Euripidis
1095 1916 1130 1950 an
1152 1901 1223 1951 alius

66 1969 183 2031 poetae,
201 1964 319 2014 nondum
338 1964 417 2015 nobis
436 1962 607 2029 exploratum
626 1966 677 2014 est.

104 2083 110 2092 .
141 2032 211 2097 Pag.
230 2033 272 2096 54,
291 2033 362 2085 med.
383 2030 522 2096 aliquod
542 2030 725 2098 lectiones]
746 2033 800 2097 leg.
821 2032 962 2096 aliquot.

169 2137 184 2162 „
228 2101 269 2150 64.
290 2101 321 2150 Ι5
340 2100 465 2151 codicum
485 2103 642 2164 conspectu,
662 2115 742 2163 quem
756 2102 785 2148 in
797 2101 913 2164 singulis
927 2102 1036 2167 paginis
1050 2103 1224 2155 adnotationi

347 2169 464 2218 criticae
483 2168 699 2232 praeposuimus,
719 2168 823 2217 lunulis
843 2168 873 2230 (i
894 2168 1006 2219 codices
1020 2167 1117 2221 TEOrr
1135 2172 1223 2222 inclu-

347 2237 439 2299 simuS,
458 2235 546 2285 veluti
566 2251 628 2300 pag.
647 2237 680 2287 65
699 2240 735 2288 ‘v.
752 2238 848 2286 1-34:
867 2233 1116 2301 PRBFVOEOr,
1137 2241 1223 2305 signi·
1322 2242 1324 2245 '

346 2305 462 2355 ficantes
474 2319 571 2420 veErsbrs
585 2306 668 2354 1-34
681 2309 774 2353 omnes
788 2309 884 2353 extare
898 2306 927 2353 in
939 2302 1089 2367 PRBFV,
1103 2308 1224 2359 selectos

349 2389 382 2422 ex
400 2387 435 2422 ns
454 2387 482 2420 m
554 2414 560 2425 ,

171 2478 186 2503 ,,
232 2443 273 2499 66,
293 2441 328 2491 ad
346 2457 373 2491 v.
394 2442 425 2490 10
443 2440 557 2490 iacias
577 2441 632 2489 iam
650 2439 825 2490 Ribbekkius
845 2440 1011 2494 emendavit.

170 2547 185 2572 ‚,
230 2512 272 2570 73,
290 2511 319 2558 in
339 2507 432 2558 adnot.
452 2507 486 2557 ad
504 2523 530 2557 v.
551 2508 600 2558 106
617 2504 730 2574 rreest]
750 2507 804 2572 leg.
825 2507 927 2557 deest.

169 2614 184 2639 „
230 2579 270 2638 75,
289 2593 315 2631 v.
335 2578 383 2627 143
401 2572 515 2641 multo]
538 2575 656 2626 fortasse
679 2572 804 2641 [saepe]
824 2571 964 2626 Haterius

140 2657 143 2663 ·
169 2683 183 2707 ,‚
230 2648 271 2705 77,
289 2661 315 2698 v.
336 2647 384 2695 179
402 2644 536 2694 fortasse:
554 2642 647 2693 ultra
667 2642 809 2708 perdere
829 2643 877 2692 nil
896 2648 1012 2708 potest
1030 2641 1171 2698 Haterius.

170 2750 186 2775 „
215 2760 218 2765 ,
231 2715 272 2764 78.
293 2714 333 2776 79,
352 2713 380 2762 in
400 2712 492 2763 adnot.
506 2711 539 2760 ad
559 2729 583 2764 v.
599 2713 647 2762 193
660 2716 689 2761 et
700 2714 750 2763 900
762 2711 882 2761 delenda
894 2717 957 2761 sunt
969 2714 1068 2763 verba:
1088 2715 1223 2766 inserta

349 2785 400 2831 est
419 2780 501 2829 libri
519 2778 672 2829 Gelliani
693 2784 721 2829 et
738 2780 877 2844 gravius
895 2775 950 2830 PR

169 2887 185 2911 „
230 2851 273 2914 80,
291 2850 320 2898 in
338 2847 432 2898 adnot.
453 2847 489 2897 ad
507 2863 533 2896 ν.
552 2848 602 2897 914
620 2848 674 2912 leg.
694 2846 876 2909 occultum,
896 2863 951 2898 non
970 2849 1153 2905 oecultum.

170 2954 185 2980 ,‚
231 2919 272 2980 90,
292 2932 317 2967 v.
336 2917 387 2968 386
406 2911 523 2982 avaro]
543 2916 607 2965 fort.
627 2920 755 2981 praestat
774 2930 917 2969 avarum.

170 3022 185 3046 „
230 2987 272 3050 95,
292 3002 317 3036 v.
336 2986 387 3034 444
405 2984 461 3033 ubi
480 2980 563 3048 eius]
587 2984 680 3033 cuias
698 2979 838 3034 Helonius.

170 3089 185 3114 „
216 3056 273 3116 100,
291 3069 316 3103 v.
335 3054 386 3104 498
405 3053 470 3104 Pro.
487 3051 572 3101 bdna
593 3049 693 3117 fama]
716 3052 760 3104 cf.
779 3050 887 3116 Proleg.
907 3068 951 3116 pg.
970 3054 1010 3105 44,
1054 3091 1056 3095 .

170 3158 185 3182 ,,
215 3123 262 3170 101
282 3125 310 3171 et
329 3122 377 3170 106
395 3135 440 3172 vv,
458 3122 508 3170 503
528 3124 556 3168 et
574 3119 623 3170 583
648 3123 743 3184 utpote
768 3119 853 3184 spurii
877 3134 932 3169 non
956 3122 1066 3172 uncinis
1092 3118 1149 3189 [],
1173 3123 1222 3174 sed

350 3187 481 3247 lunulis(
502 3186 512 3246 )
530 3186 691 3236 includendi
711 3193 797 3241 erant.

170 3293 185 3318 „
214 3258 272 3318 106,
286 3257 370 3316 Prov.
390 3257 423 3306 94
442 3258 474 3306 et
492 3255 523 3304 in
543 3252 645 3320 mille]
666 3255 754 3305 Recte
773 3255 972 3320 Frisingensis:
998 3256 1063 3306 Sed
1082 3258 1115 3306 in
1133 3274 1168 3307 m.

170 3362 185 3387 „
216 3326 272 3387 112,
290 3340 315 3377 v.
335 3325 385 3375 634
402 3323 460 3372 ubi
479 3321 525 3372 nil
545 3323 684 3372 timetur
701 3324 756 3371 iam
768 3324 794 3372 J.
809 3322 890 3387 (lasp.
906 3322 1027 3374 Orellius
1040 3325 1124 3374 scribi
1136 3325 1224 3377 voluit

348 3392 377 3441 in
395 3390 517 3440 Phaedri
536 3391 611 3446 labb,
630 3389 710 3440 novis
728 3406 773 3456 pg.
792 3391 833 3442 55.

171 3497 186 3522 ,,
216 3462 271 3522 114,
293 3476 316 3513 v.
330 3461 380 3510 654
392 3457 573 3522 relinquenda
587 3462 648 3508 erut
660 3457 764 3508 codicis
777 3458 939 3508 l'uricensis
953 3459 1091 3522 scriptura
1110 3466 1224 3517 semet.

170 3565 186 3589 „
215 3529 271 3591 114,
290 3543 316 3581 v.
334 3527 384 3576 658
403 3527 544 3576 amicum
562 3526 672 3590 gratis
692 3527 763 3576 coni.
777 3521 923 3576 ‘Halmius

171 3632 185 3657 „
215 3596 271 3656 115,
291 3612 316 3644 v.
335 3596 384 3645 670
403 3590 485 3660 plus]
508 3594 586 3643 nolui
599 3609 732 3659 reponere
751 3593 881 3658 plures,
901 3607 936 3643 ne
949 3593 1083 3645 iambicos
1097 3611 1224 3647 numeros

349 3663 497 3712 turbarem.

171 3767 186 3792 „
215 3731 273 3793 150,
292 3735 318 3795 3,
337 3732 361 3790 6,
379 3726 555 3796 Malorum]
574 3728 627 3796 leg.
647 3729 824 3781 Maiorurn.

141 3797 270 3862 Denique
288 3799 340 3849 hoc
359 3798 467 3848 nomine
486 3797 553 3847 mihi
571 3797 690 3863 petenda
708 3799 791 3848 venia
809 3801 860 3855 est,
880 3797 950 3862 quod
962 3798 992 3847 in
1005 3797 1156 3849 afferendis
1168 3799 1225 3850 Me·

65 3866 175 3918 nandri
193 3866 341 3917 sententiis
361 3870 389 3917 et
406 3865 514 3916 Erasmi
532 3864 648 3930 Adagiis
666 3865 797 3916 maiorem
815 3869 938 3931 poteram
958 3865 1088 3917 adhibere
1108 3866 1225 3933 diligen-

63 3937 151 3987 tiam.
183 3934 251 3984 Cum
270 3935 342 3985 enim
362 3933 419 3983 alia
432 3933 590 3998 thtingae,
610 3933 744 3998 Basilice,
760 3931 896 3992 Vitoduri,
914 3934 1009 3984 Turici
1027 3935 1137 3986 schedis
1156 3938 1225 3987 meis

3 4005 4 4008 ’
62 4001 243 4064 intulissem,
268 4001 326 4052 alia
346 4018 379 4052 ex
398 4001 481 4052 Zellii
500 4001 653 4053 Ribbekkii
678 4002 848 4066 aliorumque
874 4004 1079 4053 commentariis
1099 4002 1225 4068 deprom-

62 4072 201 4138 psissem‚
221 4084 282 4120 sero
302 4069 486 4121 animadverti
504 4085 557 4121 non
577 4085 671 4120 omnes
688 4068 786 4119 iisdem
806 4068 974 4121 editionibus
992 4085 1055 4121 usos
1074 4071 1225 4122 55551655-

62 4154 123 4207 que
147 4138 284 4203 capitum,
309 4139 556 4204 paragraphorum,
575 4152 704 4188 versuum
723 4153 864 4202 numeros,
889 4139 1010 4189 tortasse
1028 4153 1081 4189 unc
1101 4138 1224 4190 alterove

60 4206 218 4324 locofigpsa
235 4206 323 4258 verba
341 4206 509 4272 discrepare.
542 4205 620 4268 Quod
638 4205 734 4269 aequis
753 4205 891 4256 iudicibus
905 4209 1066 4256 excusatum
1081 4220 1140 4256 esse
1155 4208 1224 4256 satis

61 4290 123 4329 con
169 4288 195 4326 o.
