3044 5124
276 358 336 455 138
437 454 438 457 ¹
730 373 778 420 nr.
801 358 966 423 uosrnu‘s.

296 534 345 592 19.
369 527 490 591 Omnes
512 525 654 592 infantes
677 534 764 591 terra
785 525 891 593 nudos
915 528 1057 615 excipit:
1085 551 1151 594 non
1172 536 1206 593 te
1228 529 1332 614 pudet
1355 553 1420 596 sor-

371 626 481 693 didius
504 628 618 692 vivere
641 650 737 715 quam
758 628 873 693 nasci?

296 738 345 796 20.
370 728 461 811 Quid
484 727 611 795 dulcius
635 752 732 817 quam
753 729 874 795 habere
897 732 1085 818 (amicum),
1114 754 1188 798 cum
1211 755 1275 820 quo
1297 733 1418 798 audeas

370 841 407 897 ut
428 840 536 896 tecum
559 833 667 897 omnia
689 834 738 898 sic
759 832 872 920 loqui?

295 942 344 999 21.
367 935 559 1020 Magnarum
581 934 702 1000 virium
725 945 776 1000 est
797 933 971 1022 neglegere
993 934 1187 1001 laedentem.

232 1042 233 1045 ’
295 1044 345 1101 22.
370 1035 460 1118 Quid
484 1039 528 1101 sis
551 1037 698 1122 interest,
722 1060 787 1103 non
809 1037 888 1125 quid
910 1036 1072 1103 habearis.

296 1146 346 1204 23.
370 1138 523 1204 Nondum
545 1137 628 1202 felix
650 1161 694 1221 es,
718 1140 888 1204 sinente
910 1139 1007 1204 turba
1030 1139 1192 1204 deriserit.

295 1246 345 1305 24.
370 1240 406 1306 si
429 1241 480 1306 vis
503 1239 618 1305 beatus
641 1263 723 1326 esse,
747 1242 855 1327 cogita
876 1241 937 1306 hoc
959 1241 1117 1329 primum:
1142 1242 1325 1308 Contemnc
1348 1266 1421 1309 con-

371 1343 483 1407 temni.

295 1451 344 1509 25.
367 1445 562 1531 Priusquam
577 1445 759 1533 promittas,
775 1444 948 1529 deliberes,
965 1455 998 1513 et
1013 1467 1086 1510 cum
1100 1447 1291 1533 promiseris
1307 1446 1424 1512 facias.

296 1552 345 1612 26.
367 1546 409 1611 Id
435 1568 531 1633 agas,
562 1556 599 1613 ut
621 1569 662 1611 ne
685 1548 758 1635 quis
780 1549 897 1613 merito
919 1556 976 1614 tuo
998 1557 1031 1612 te
1053 1548 1171 1614 oderit.
1216 1549 1293 1612 Etsi
1315 1547 1425 1614 nullos

370 1650 520 1714 inimicos
543 1651 605 1716 tibi
627 1648 729 1714 faciat
749 1650 880 1733 iniuria,
903 1649 1024 1716 multos
1047 1650 1128 1716 iacit
1149 1651 1287 1715 invidia.

296 1759 346 1816 27.
369 1750 587 1818 Solitudinem
610 1753 748 1839 quaerit,
772 1753 923 1839 quivult
946 1774 1019 1818 cum
1040 1753 1273 1819 innocentibus
1299 1751 1429 1817 vivere.

295 1861 345 1919 28.
370 1853 522 1941 Optimus
546 1855 655 1942 (ergo)
677 1856 804 1919 animus
827 1854 1064 1942 pulcherrimus
1089 1854 1144 1920 dei
1167 1854 1274 1920 cultus
1298 1864 1361 1918 est.

296 1964 344 2022 29.
367 1956 561 2022 Abstinebis
577 1956 684 2023 alieno
700 1959 869 2043 sanguine,
882 1957 1064 2024 abstinebis
1080 1957 1187 2023 alieno
1203 1957 1428 2022 matrimonio.

295 2067 345 2125 30.
367 2059 555 2124 Praestabis
584 2060 774 2146 parentibus
802 2061 974 2147 pietatem,
1003 2061 1149 2145 cognatis
1172 2057 1430 2145 indulgentiam,

369 2161 482 2225 amicis
504 2160 615 2243 fidem,
639 2161 790 2227 omnibus
812 2162 1022 2249 aequitatem.
1094 2236 1097 2237 ⁷

232 2272 235 2275 '
295 2270 345 2328 31.
369 2262 544 2329 Devitabis
566 2261 794 2329 crudelitatem
817 2273 851 2330 et
872 2264 1056 2329 ministram
1078 2261 1281 2331 crudelitatis
1305 2263 1404 2329 iram.

360 2543 397 2601 19
421 2544 521 2601 Malim
536 2561 627 2601 noune
643 2561 708 2602 cum
723 2544 896 2602 Setentelio
972 2543 1207 2602 sordidius-codd.
1224 2547 1430 2604 recentiores.-

273 2630 372 2687 iortius
394 2634 492 2701 optimi
618 2631 706 2686 vivere
734 2646 813 2703 quam
837 2631 910 2686 nasci
937 2632 1018 2688 codd.
1039 2645 1119 2688 rece.
1140 2636 1168 2688 et
1191 2630 1234 2687 Ga
1255 2648 1347 2687 manu
1369 2648 1430 2688 sec.

273 2717 347 2772 nasci
363 2732 442 2788 quam
458 2716 547 2771 vivere
562 2717 628 2772 rell.
660 2714 703 2786 Of.
721 2715 788 2772 Sea.
804 2717 838 2772 de
851 2717 964 2787 provid.
982 2716 1011 2786 6,
1025 2715 1042 2772 6
1059 2712 1154 2772 ‘Nemo
1171 2722 1225 2770 tam
1240 2731 1349 2790 pauper
1362 2717 1430 2771 vivit

274 2817 353 2875 quam
374 2808 453 2856 uatus
474 2800 538 2857 est'.
627 2798 669 2858 20
691 2800 748 2858 Cic.
769 2800 850 2859 Lael.
874 2800 908 2871 6,
925 2798 965 2855 22
992 2798 1074 2867 ‘Quid
1095 2799 1201 2856 dulcius
1225 2817 1306 2873 quam
1329 2799 1432 2857 habere

274 2886 382 2959 quicum
407 2887 496 2941 omnia
511 2885 608 2941 audeas
624 2886 663 2943 sic
678 2885 754 2960 loqui
769 2891 800 2941 ut
821 2885 941 2942 tecum‘i'
965 2885 1116 2941 Servandus
1133 2901 1200 2959 ergo
1217 2892 1259 2940 est
1274 2887 1352 2940 omni
1367 2885 1432 2941 dili-

273 2971 365 3044 gentia
390 2986 452 3025 raro
474 2971 600 3026 inventus
628 2972 728 3026 amicus
756 2972 867 3027 addunt
893 2972 978 3027 codd.
996 2984 1075 3026 rece.
1120 2971 1252 3042 Respicit
1277 2969 1431 3027 Ciceronis

273 3058 441 3111 sententiam
463 3054 529 3111 Sea.
553 3059 634 3127 epist.
656 3055 693 3128 3,
710 3054 743 3110 2:
773 3055 850 3111 ‘Cum
870 3054 917 3110 illo
940 3053 1047 3126 (amico)
1074 3062 1128 3109 tam
1149 3054 1286 3111 audaciter
1312 3054 1431 3129 loquere

273 3156 353 3213 quam
374 3139 486 3195 tecum'.
574 3139 613 3194 21
639 3139 704 3196 Sea.
726 3142 761 3197 de
781 3142 829 3196 ira
850 3139 885 3212 2,
903 3140 959 3211 32,
977 3139 995 3197 3
1025 3137 1124 3213 ‘Magni
1147 3140 1227 3194 animi
1248 3147 1290 3195 est
1312 3141 1430 3196 iniurias

274 3222 435 3296 despicere?
529 3222 568 3280 22
591 3225 628 3280 sis
644 3242 696 3282 cm.
711 3227 792 3283 cedd.
810 3232 876 3282 cett.
950 3225 954 3234 '
969 3223 1008 3281 23
1032 3226 1054 3279 si
1069 3224 1189 3280 nondum
1206 3223 1286 3280 turba
1301 3232 1331 3280 te
1349 3225 1428 3282 dimi-

273 3309 338 3364 serit
351 3309 468 3366 Hacse:
483 3316 609 3367 ceterum
625 3316 823 3369 tetrametrum
839 3312 1018 3367 trochaicum
1033 3327 1090 3367 aron
1107 3325 1233 3383 cynosco
1292 3309 1335 3365 24
1352 3309 1429 3366 011-

272 3401 363 3450 temne
384 3397 520 3451 contemni
534 3395 694 3453 Proverbia
711 3396 750 3453 97
772 3413 865 3469 supra
881 3414 930 3470 pp.
948 3395 1023 3453 106:
1046 3402 1238 3468 contempnere
1261 3397 1430 3470 contempni

274 3481 355 3537 codd.
371 3483 483 3552 optimi,
506 3483 581 3538 unde
594 3481 726 3553 fortasse
741 3483 826 3539 scrib.
844 3480 993 3537 Centemne
1009 3488 1035 3536 te
1051 3481 1188 3536 contemni
1274 3479 1315 3536 25
1341 3480 1433 3538 Sexti

273 3573 345 3622 sent.
362 3565 402 3624 85
424 3564 556 3622 ‘Delibera
576 3568 732 3641 priusquam
753 3584 833 3642 agas,
854 3574 882 3622 et
902 3573 1045 3640 antequam
1067 3581 1129 3639 agas
1151 3564 1264 3639 provide
1288 3564 1368 3639 quale
1392 3568 1430 3622 sit

275 3651 348 3723 quod
374 3651 493 3708 tacturus
515 3652 565 3708 es.'
695 3651 734 3709 26
763 3653 864 3708 multos
885 3658 975 3707 tamen
996 3649 1106 3707 iacitS
1244 3648 1283 3706 27
1315 3659 1432 3724 quaerat

275 3738 356 3793 codd.
378 3753 451 3792 rece.
477 3750 478 3754 ’
581 3736 621 3794 28
644 3753 712 3812 erge
734 3754 786 3794 cm.
810 3739 891 3794 codd.
914 3752 1005 3792 rece.-
1026 3735 1067 3807 cf.
1092 3736 1131 3790 ad
1152 3734 1169 3806 8
1194 3735 1233 3792 10
1334 3735 1430 3791 cuitus

274 3822 414 3878 Proceri.
431 3820 451 3876 4
472 3837 563 3892 supra
583 3839 630 3897 pp.
648 3823 705 3893 90,
726 3823 815 3878 cultor
836 3824 959 3879 codices.
991 3821 1070 3877 Seni.
1086 3820 1171 3894 Pytt.
1196 3837 1246 3892 ap.
1262 3820 1349 3877 Ioun.
1365 3821 1431 3877 Da-

273 3923 363 3962 masc.
382 3906 411 3976 9,
425 3923 473 3980 pq.
484 3905 546 3963 640
561 3907 653 3961 θυσια
668 3925 709 3985 τῳ
726 3908 788 3986 dap
806 3924 909 3983 γνωμῃ
924 3897 1037 3982 cynei.
1069 3904 1112 3978 Cf.
1129 3906 1204 3962 Hor.
1221 3905 1358 3977 111113,
1376 3904 1430 3980 23,

276 3991 314 4047 17
403 3989 442 4047 29
466 3989 553 4046 alieno
575 3993 706 4065 sanguine
729 3991 875 4049 abstinebis
891 4010 942 4049 om.
960 3994 1057 4066 vulqu-
1083 3991 1134 4046 sed
1148 3990 1189 4064 cf.
1205 3990 1342 4046 Lactant.
1359 3994 1430 4048 inst.

276 4075 306 4148 5,
322 4076 361 4134 10
377 4073 532 4144 ‘Quomodo
548 4077 619 4131 enim
634 4061 766 4152 sanguiie
782 4076 956 4134 abstinebunt
972 4119 979 4132 .
994 4119 1000 4132 .
1016 4118 1022 4131 .
1039 4074 1176 4149 quomodo
1193 4074 1351 4150 pudicitiam
1370 4083 1433 4133 tue·

274 4160 406 4218 bunturi'
494 4161 535 4218 30
556 4160 754 4235 indulgentiam
770 4165 871 4236 amicis,
888 4179 997 4237 operam
1014 4160 1128 4233 civibus,
1144 4159 1225 4216 fidem
1242 4161 1323 4216 etiam
1339 4161 1432 4218 hosti-

274 4245 325 4303 tus
341 4247 374 4301 P.
418 4248 511 4303 noer.
528 4249 568 4304 aa
580 4246 699 4303 remon.
717 4247 756 4304 rc
777 4233 846 4316 τοὺς
866 4239 921 4322 μὲν
941 4232 1034 4316 θεοὺς
1059 4241 1172 4320 φοβοῦ,
1195 4231 1265 4314 τούς
1282 4238 1314 4301 ot
1329 4247 1433 4320 γονεῖς

276 4326 356 4405 τίμα,
373 4318 442 4400 τούς
458 4324 489 4388 δὲ
504 4328 608 4405 φίλους
623 4321 776 4405 adoptivos,
792 4334 853 4401 τοῖς
870 4325 901 4389 δὲ
916 4323 1019 4407 νόμοις
1029 4327 1140 4388 πείθου
1198 4330 1238 4389 31
1262 4328 1431 4412 ministram]

277 4421 387 4474 rectius
403 4425 515 4474 matrem
530 4419 669 4476 Proceri.
685 4416 726 4475 83
739 4436 788 4492 pq.
807 4416 877 4477 105.
