3044 5124
281 388 341 453 122
479 435 482 440 «
672 401 891 451 suuuuurmu
915 401 1026 450 ransc

365 557 445 623 Cum
469 558 511 620 de
532 556 627 621 unius
649 554 795 621 moribus
818 554 992 639 iudicabis,
1016 554 1057 619 de
1079 555 1221 642 publicis
1245 557 1365 641 cogita.

365 659 448 724 Cum
469 658 656 723 hominibus
679 679 803 743 pacem,
827 655 1011 721 bellacum
1033 657 1124 721 vitiis
1148 657 1243 722 habe.

363 760 447 825 (lum
469 781 547 847 pare
567 759 762 824 contendere
784 759 950 842 indecem,
974 781 1048 823 cum
1069 761 1238 847 superiore
1253 760 1426 841 furiosum,

890 882 964 924 cum
985 860 1141 925 inferiore
1163 862 1346 926 sordidum.

365 962 549 1051 Cupiditati
570 963 665 1028 tarda
688 971 737 1028 est
760 963 833 1049 ipsa
855 961 1016 1026 celeritas.

301 1074 342 1133 90
363 1065 616 1139 1255115111]ἰεί
639 1088 682 1129 ex
703 1065 905 1129 abundantia
927 1086 999 1128 raro
1023 1065 1125 1128 venit.

363 1168 472 1231 Datur
493 1169 619 1232 meritis
642 1169 801 1232 maiorum
824 1165 913 1231 nulla
935 1165 1050 1250 gloria.

363 1268 531 1334 Deformis
555 1269 722 1334 simiarum
745 1269 806 1332 erit
827 1267 1057 1355 pulcherrima.

364 1373 509 1436 Demens
533 1381 582 1435 est
605 1371 751 1458 quisquis
775 1379 920 1457 praestat
943 1371 1045 1434 errori
1068 1369 1179 1435 fidem.

365 1474 437 1538 Deo
460 1473 593 1538 favente
615 1474 752 1559 naviges
775 1472 829 1536 vel
852 1474 986 1537 vimine.
1068 1520 1070 1525 ι

303 1583 342 1640 95
364 1574 574 1640 Desiderium
596 1575 712 1638 melius
736 1575 840 1639 vitam
863 1574 1104 1663 custodliv]erit
1128 1595 1227 1662 quam
1249 1577 1359 1642 timor.

363 1667 446 1743 Dies
470 1675 664 1764 quandoque
686 1698 839 1760 noverca,
864 1677 1058 1764 quandoque
1081 1687 1130 1742 est
1153 1699 1284 1764 parens.

368 1777 514 1855 Difficile
536 1779 728 1844 reciduntur
752 1777 857 1866 [vitia]
868 1829 877 1862 ,
901 1800 983 1866 quae
1005 1779 1179 1844 nobiscum
1202 1782 1381 1846 creverint.

364 1879 540 1946 Difficilius
564 1889 614 1946 est
634 1879 813 1965 moderari,
836 1879 894 1946 ubi
915 1880 1020 1945 dolori
1044 1880 1183 1946 debetur
1205 1883 1307 1967 ultio,
1336 1905 1436 1970 quam

769 1982 771 1986 ’
891 1982 949 2047 ubi
973 1982 1132 2069 exemplo.

365 2086 503 2150 Discute
526 2084 613 2172 quod
635 2082 751 2149 audias
774 2105 880 2169 omne,
904 2084 992 2171 quod
1014 2086 1129 2150 credas
1152 2086 1267 2173 proba.

283 2196 343 2254 100
365 2188 537 2252 Dissensio
561 2187 603 2253 ab
625 2186 701 2268 alio,
724 2195 799 2251 ate
821 2187 864 2251 sit
886 2186 1119 2252 reconciliatio,

364 2289 553 2354 Dissolutus
577 2297 626 2354 est
648 2287 774 2352 deliciis
791 2289 883 2353 cuius
899 2287 985 2353 latus
1000 2287 1106 2355 alieno
1122 2289 1235 2356 labore
1252 2291 1435 2356 condoluit.

364 2392 465 2460 Domi
486 2412 618 2455 manere
640 2392 749 2454 virum
771 2391 973 2455 fortunatum
995 2391 1100 2456 decet.

364 2493 507 2559 Domum
531 2495 587 2581 qui
610 2493 773 2576 aedificat,
796 2491 977 2580 impolitam
999 2515 1039 2557 ne
1062 2494 1160 2559 sinat.

364 2595 482 2659 Dulcis
504 2595 663 2660 malorum
686 2596 934 2681 praeteritorum
956 2595 1122 2660 memoria.

281 2705 341 2763 105
365 2697 452 2783 Eget
473 2699 579 2762 minus
602 2697 760 2780 mortalis,
785 2698 977 2784 quominus
1001 2699 1100 2785 cupit.

365 2797 583 2887 Eleemosyna
598 2822 663 2865 non
678 2807 744 2863 tam
760 2800 996 2887 accipientibus
1007 2821 1103 2886 quam
1116 2800 1271 2865 dantibus
1283 2800 1436 2887 prodest.

364 2900 489 2965 Eodem
511 2895 620 2968 animo
642 2901 838 2967 beneficium
860 2900 1007 2986 debetur,
1032 2925 1095 2988 quo
1118 2902 1226 2967 datur.

220 3229 222 3232 ¹
340 3163 380 3220 86
404 3150 750 3235 R.Sen}deira2,31.5
809 3165 848 3222 87
872 3165 906 3220 F.
920 3164 1034 3220 Demor.
1049 3163 1090 3221 34
1148 3163 1188 3222 88
1215 3163 1435 3231 R.Sen.deira

280 3248 310 3320 2,
324 3246 405 3319 34,1
472 3247 511 3304 89
534 3248 1074 3323 Ps.Gaec.Balb.llon.1,15,pg.19
1141 3249 1182 3307 90
1203 3251 1433 3308 Pr.Ceec.Balb.

280 3332 352 3388 Mon.
366 3332 394 3404 1,
409 3332 459 3403 17,
472 3348 518 3406 pg.
534 3332 571 3389 19
638 3334 674 3390 91
701 3335 735 3390 F.
803 3335 842 3391 92
866 3335 920 3393 Βο.
932 3334 1060 3390 Proverb.
1073 3351 1200 3408 graecum
1213 3338 1273 3391 τῶν
1284 3325 1435 3408 πιθήκων

280 3405 497 3490 εὐμορφότατος
514 3405 684 3492 δύσμορφός
700 3411 777 3474 ἐστιν
793 3419 855 3476 coll.
874 3418 1008 3475 Heraclito
1024 3437 1066 3492 up.
1084 3419 1152 3474 Plat.
1165 3419 1245 3495 Hipp.
1257 3423 1319 3477 mai.
1336 3422 1401 3480 289
1416 3425 1434 3478 B

345 3503 383 3560 93
407 3503 456 3559 Ps.
470 3501 532 3558 Seu.
548 3503 582 3559 de
597 3503 686 3564 benef.
699 3503 729 3576 4,
743 3505 782 3562 36
849 3503 889 3561 94
912 3505 965 3560 Bo.
981 3503 1080 3560 Erasm.
1094 3504 1180 3578 Adag.
1193 3523 1219 3578 p.
1234 3505 1272 3561 14
1290 3525 1325 3563 ex
1341 3508 1433 3564 schol.

278 3588 416 3663 Aristoph.
433 3584 509 3642 θεοῦ
524 3581 667 3655 θέλοντος
682 3580 741 3644 κᾶν
756 3582 805 3645 ἐπὶ
821 3579 907 3663 ῥιπὸς
921 3582 1020 3655 πλέοις
1092 3588 1131 3646 95
1156 3590 1198 3646 Gr
1214 3589 1242 3647 2.
1260 3589 1336 3650 Caco.
1353 3592 1433 3648 Ball.

278 3673 349 3729 Mon.
367 3674 396 3746 8,
414 3673 443 3746 2,
459 3692 505 3748 pg.
523 3673 560 3728 21
643 3675 682 3732 96
706 3677 759 3732 Bo.
776 3675 884 3731 Hesiod.
909 3692 971 3749 opp.
989 3673 1050 3731 825
1071 3661 1174 3730 liltore
1196 3662 1327 3748 μητρυιὴ
1348 3671 1435 3732 πέλει

277 3747 388 3832 ἡμέρη,
410 3749 512 3812 o'c'ltore
528 3747 635 3831 μήτηρ,
652 3758 774 3816 Favorin.
791 3777 832 3833 ep.
850 3759 964 3816 Gellium
978 3760 1028 3831 17,
1042 3758 1125 3833 12,4
1195 3760 1233 3816 97
1258 3763 1296 3818 R.
1314 3761 1380 3817 Seu.
1400 3763 1435 3818 dc

277 3847 316 3900 im
333 3843 362 3915 2,
379 3844 428 3915 18,
443 3842 461 3897 2
527 3843 566 3900 98
591 3846 640 3902 Go.
658 3844 720 3901 Seu.
737 3846 770 3901 dc
786 3845 863 3900 clem.
883 3847 910 3917 1,
924 3843 1006 3916 20,1
1079 3844 1117 3901 99
1144 3845 1194 3901 Gr.
1210 3862 1242 3901 ex
1258 3846 1338 3901 codd.
1354 3847 1435 3902 Pala·

279 3929 351 3984 linis.
367 3928 443 3983 Coeo.
458 3926 528 3982 Balb.
546 3927 604 3984 Par.
623 3930 673 4001 69,
689 3948 735 4004 pg.
752 3929 793 3986 42
871 3930 932 3987 100
954 3931 988 3989 F.
1005 3928 1041 3984 lle
1057 3946 1125 3985 mor.
1143 3928 1183 3986 49
1257 3931 1316 3989 101
1343 3934 1381 3989 R.
1401 3950 1434 3989 ex

278 4013 337 4070 cod.
355 4013 455 4087 Gryph.
477 4015 601 4069 collatus
622 4032 647 4069 α.
671 4018 758 4073 corde
779 4032 804 4070 c.
825 4014 887 4071 Seu.
910 4015 942 4070 de
963 4017 1001 4070 ire
1017 4015 1053 4087 2,
1071 4013 1162 4087 25,1
1288 4016 1348 4074 102
1375 4019 1431 4074 Βο.

280 4098 404 4172 Apostol.
424 4096 472 4170 12,
488 4097 528 4156 45
545 4093 623 4152 οἴκοι
639 4093 738 4171 μένειν
755 4095 800 4154 δεῖ
814 4091 865 4155 τὸν
880 4096 976 4169 καλῶς
991 4091 1155 4174 εὐδαίμονα
1222 4101 1281 4159 103
1307 4103 1361 4159 Βο.
1380 4102 1434 4158 Πε-

278 4184 348 4240 siod.
365 4202 427 4258 opp.
442 4182 501 4241 746
518 4176 593 4256 μηδὲ
608 4173 699 4256 δόμον
714 4181 808 4240 ποιῶν
822 4175 1012 4254 ἀνεπίξεστον
1033 4181 1221 4242 καταλείπειν
1288 4187 1349 4246 104
1376 4189 1433 4245 Bo.

278 4267 331 4324 Cic.
348 4269 381 4325 de
397 4267 441 4324 fin.
460 4268 494 4342 2,
510 4270 560 4327 34.
580 4269 680 4327 Eresm.
696 4271 779 4344 Adag.
801 4288 847 4344 pg.
864 4270 925 4328 499
1021 4271 1081 4329 105
1105 4271 1152 4329 Ps.
1170 4271 1247 4328 Caco.
1264 4272 1338 4328 Balb.
1356 4273 1433 4329 Mon.

280 4351 330 4425 12,
343 4354 424 4428 8'pg.
441 4353 489 4411 23.
507 4354 569 4411 Seu.
586 4358 665 4430 epist.
683 4355 711 4428 2,
726 4356 753 4412 6.
770 4356 803 4412 de
819 4373 886 4412 mor.
899 4355 959 4414 46..
973 4356 1013 4412 Cl.
1025 4374 1108 4431 supra
1122 4375 1147 4413 v.
1162 4356 1222 4414 286
1289 4358 1351 4416 106
1378 4360 1432 4416 Go.

279 4436 315 4496 lle
330 4454 398 4498 mor.
415 4438 455 4494 55
544 4441 603 4499 107
628 4442 656 4499 S.
674 4440 737 4497 Seu.
755 4441 788 4497 de
802 4441 891 4498 benef.
910 4442 938 4514 1,
958 4441 985 4514 1,
1001 4442 1020 4500 8
