3014 5116
299 407 341 469 22
483 441 484 444 =
735 421 1006 467 raouncouaun.
1054 419 1056 424 ·

206 581 207 585 ’
260 625 262 627 .
300 576 365 658 VI,
391 586 423 639 et
445 574 526 653 libb.
551 574 665 638 XXX.
690 585 721 638 et
744 575 877 639 XXXI.
903 573 1026 661 speculi
1054 571 1227 654 naturaliS,
1258 576 1451 660 praemissis

299 677 502 765 plerumque
522 675 632 739 verbis
666 677 738 739 ‘Ex
765 677 949 764 proverbiis
978 676 1187 762 Sapientum’
1216 675 1259 738 ad
1289 675 1450 740 ducentas

300 781 492 860 sentcntiae,
512 787 578 841 tam
600 779 758 862 genuinas
782 801 878 864 quam
896 777 1089 843 subditieias
1110 776 1183 842 illas
1200 786 1231 841 et
1247 779 1345 862 quasi
1362 780 1450 841 vira·
1496 856 1497 862 ἵ

301 882 383 963 riaS,
407 870 527 944 multas
550 879 677 944 duobus
700 879 848 943 tribusve
864 879 953 944 loeis.
998 879 1067 942 Nec
1081 877 1172 942 aliud
1188 879 1369 965 quidquam
1388 882 1450 943 nisi

301 982 475 1070 proverbia
496 981 554 1045 illa
569 983 736 1066 cognitum
752 990 820 1045 erat
836 979 984 1046 Waltero
1000 980 1131 1044 Burleio
1148 983 1333 1068 ceterisque
1350 983 1450 1046 medii

300 1086 374 1148 aevi
397 1084 625 1171 scriptoribus,
650 1106 729 1170 quos
753 1105 941 1147 enumerare
964 1106 1027 1147 non
1049 1085 1177 1147 attinet.
1222 1082 1316 1147 Haec
1340 1085 1448 1149 haete-

301 1210 362 1251 nus
385 1185 426 1249 de
449 1184 615 1250 codicibus
639 1184 806 1249 mutilatis.

332 1283 351 1359 J
385 1285 531 1371 Alterius
561 1286 710 1351 codicum
738 1287 869 1373 stirpis,
899 1288 952 1349 eui
979 1285 1110 1373 plenam
1138 1287 1294 1350 debemus
1319 1298 1448 1352 senten-

218 1400 220 1403 ’
301 1391 419 1452 tiarum
450 1380 689 1471 collectionem,
720 1387 900 1452 litterarum
924 1387 1040 1453 N—V
1058 1387 1144 1452 ultra
1173 1388 1331 1453 ducentas
1357 1413 1448 1455 sexa-

301 1491 394 1576 ginta
420 1499 452 1554 et
480 1492 620 1578 priorem
637 1500 778 1577 ‘partem
804 1498 935 1553 centum
965 1490 1034 1553 fere
1063 1490 1211 1554 versibus
1242 1491 1448 1579 ampliorem,

302 1616 384 1657 unus
415 1602 464 1656 est
491 1601 687 1680 propagator
714 1591 819 1656 codex
841 1592 1073 1676 Frisingensis.
1118 1593 1202 1656 Nam
1224 1616 1331 1680 noque
1355 1596 1448 1660 Turi-

302 1717 432 1760 censem
453 1705 508 1760 aut
531 1694 716 1758 Parisinum
738 1694 820 1758 8027
846 1693 897 1779 (π)
922 1697 992 1780 pari
1016 1693 1086 1759 loeo
1109 1717 1228 1781 ponere
1251 1694 1346 1778 lieet,
1378 1720 1450 1761 eum

301 1819 420 1885 paucas
447 1807 574 1861 tanturn
596 1797 785 1882 posterioris
808 1797 910 1882 partis
934 1795 1075 1880 (N—V)
1100 1799 1278 1861 sententias
1302 1799 1449 1863 tradide

301 1902 382 1983 rint,
406 1922 465 1962 nee
487 1897 776 1963 Vindobonensem
799 1908 854 1961 aut
877 1896 1098 1962 Palatinorum
1121 1899 1278 1984 optimum
1286 1949 1295 1982 ,
1321 1903 1357 1964 in
1381 1906 1450 1988 qui-

233 2035 236 2038 *
301 2001 363 2065 bus
385 2024 460 2087 pars
483 2023 639 2066 novarum
661 2000 898 2063 sententiarum
920 1997 1071 2063 alitteris
1087 1999 1209 2064 A—tr
1219 2001 1449 2087 incipientium

303 2113 433 2167 servata
456 2113 516 2167 est.

388 2204 435 2268 Ut
462 2213 569 2268 autern
594 2198 814 2288 Frisingensis
836 2202 1071 2289 amplissimam
1093 2206 1329 2269 sententiarum
1355 2207 1450 2272 eolle-

303 2307 443 2371 etionem
466 2305 616 2388 exhibet,
645 2308 706 2387 ita,
731 2306 758 2369 si
782 2306 1002 2369 sinceritatem
1025 2307 1205 2393 scripturae
1228 2318 1376 2394 spectes,
1402 2334 1450 2374 eo-

305 2408 433 2471 dicibus
461 2408 582 2472 saeculi
610 2408 687 2470 noni
716 2429 754 2470 ae
782 2407 900 2471 decimi
927 2406 1064 2472 inferior
1087 2419 1147 2474 est.
1191 2409 1237 2474 Ut
1259 2419 1388 2474 taceam
1413 2411 1452 2474 de
1499 2492 1500 2496 Ἰ

304 2509 498 2596 quibusdam
514 2509 773 2602 interpolationis
790 2510 950 2594 vestigiis,
973 2511 1164 2596 praesertim
1180 2510 1257 2574 ordo
1277 2513 1452 2576 verborum
1498 2529 1500 2616 q

304 2613 434 2698 saepius
457 2612 539 2676 adeo
561 2611 710 2677 turbatus
735 2622 793 2695 est,
817 2621 853 2675 ut
875 2611 1001 2676 librarii
1016 2633 1110 2674 aures
1125 2634 1145 2674 a
1160 2613 1370 2677 senariorum
1379 2615 1451 2678 icti·
1499 2622 1500 2639 *

304 2713 365 2777 bus
395 2713 518 2778 alienas
550 2714 654 2778 fuisse
687 2723 807 2800 pateat.
854 2713 1008 2779 Servavit
1040 2724 1148 2777 tamen
1177 2737 1260 2778 unus
1289 2717 1452 2781 voeabula
1499 2772 1500 2780 ,

302 2815 427 2902 aliqua,
458 2839 541 2902 quae
563 2817 598 2880 in
620 2818 736 2881 ceteris
765 2815 933 2880 codicibus
962 2815 1111 2880 omnibus
1134 2816 1389 2900 interciderunt,
1421 2843 1451 2882 v.
1499 2810 1500 2864 Ῐ

306 2918 366 2981 132
388 2939 490 3000 saepe,
520 2919 583 2982 244
605 2921 713 2998 otiolo,
742 2918 805 2982 263
827 2920 910 3000 qood
929 2919 1019 2982 uidet.
1064 2917 1187 2982 Iisdem
1209 2918 1279 2981 fere
1303 2930 1336 2983 et
1360 2923 1452 2985 vitiis

305 3029 337 3082 et
353 3020 531 3084 virtutibus
547 3019 727 3108 praecellit,
752 3020 807 3106 qui
823 3021 853 3083 ei
869 3021 962 3105 quasi
978 3021 1236 3104 consanguineus
1259 3031 1319 3103 est,
1346 3012 1452 3087 codex

304 3120 570 3209 Viridobonensis
587 3120 765 3212 mutilatus,
790 3124 850 3207 qui
868 3120 930 3185 hoe
945 3120 1110 3205 singulare
1124 3119 1232 3202 habet,
1256 3124 1344 3208 quod
1362 3124 1452 3190 solus

305 3222 425 3287 formas
448 3222 572 3310 aliquas
601 3234 749 3289 vetustas
772 3222 920 3306 exhibet,
944 3232 980 3286 ut
1002 3246 1034 3285 v.
1059 3223 1096 3286 18
1114 3229 1202 3306 pote,
1226 3223 1268 3287 84
1289 3229 1452 3306 reprendi-

260 3384 262 3387 .
307 3345 383 3404 rare,
408 3325 449 3389 92
465 3328 628 3408 periclum.
674 3327 765 3390 Inter
787 3335 911 3407 ceteros
927 3325 1114 3388 Turicensis
1130 3324 1240 3412 aliqua
1256 3348 1356 3390 verae
1372 3330 1452 3392 seri·

305 3436 419 3513 pturae
442 3430 582 3513 vestigia
604 3427 691 3493 solus
715 3414 863 3492 servasse
886 3427 1028 3509 videtur,
1052 3426 1110 3490 sed
1134 3448 1171 3490 ea
1192 3428 1318 3491 ineerta
1342 3420 1454 3493 reddit

305 3527 573 3616 interpolatorum
595 3530 743 3613 lieentia,
768 3551 849 3616 quac
872 3537 962 3592 tanta
985 3537 1049 3615 est,
1073 3538 1109 3592 ut
1131 3551 1214 3615 quae
1235 3551 1345 3592 merae
1368 3529 1457 3595 lubi-³

306 3630 376 3694 dini
404 3631 578 3696 tribuenda
598 3634 686 3717 sint,
718 3654 800 3717 quae
824 3626 992 3694 codicibus
1015 3628 1068 3694 vel
1091 3630 1280 3695 melioribus
1300 3630 1360 3694 uel
1384 3655 1454 3696 eor·

304 3733 426 3819 ruptis,
455 3748 562 3819 aegre
580 3756 676 3821 saepe
699 3733 871 3797 diiudiees.
915 3731 1037 3819 Aliqua
1059 3744 1167 3796 tamen
1190 3731 1455 3818 interpolationis

181 3866 183 3871 ⁴
254 3886 256 3890 .
305 3843 449 3898 monstra
472 3845 542 3900 orta
566 3858 635 3899 esse
658 3836 812 3898 videntur
834 3857 877 3897 ex
892 3833 1003 3899 codice
1019 3843 1075 3898 aut
1091 3844 1243 3921 corrupto
1259 3844 1315 3899 aut
1332 3834 1454 3901 litteris

306 3937 413 3999 minus
437 3935 531 4001 claris
551 3939 683 4024 scripto,
707 3936 811 4001 veluti
827 3960 859 3999 v.
876 3937 915 4000 91
932 3939 1111 4020 inprobata
1128 3936 1177 4020 (ia
1196 3938 1339 4019 qratiam
1363 3941 1454 4025 tato),

306 4038 369 4103 483
386 4042 467 4122 petit
490 4039 647 4123 (potenti).
1085 4076 1092 4079 ’-

392 4139 485 4220 Quae
502 4137 589 4204 ¹euin
616 4141 663 4204 ita
685 4141 766 4222 sint,
795 4141 936 4204 Parisini
961 4140 1012 4206 Po
1035 4150 1066 4205 et
1090 4139 1150 4223 Pb,
1174 4140 1456 4225 Rheinaugiensis

306 4253 404 4329 atque
419 4241 610 4307 Basiliensis
634 4242 675 4305 de
697 4243 804 4330 palma
827 4252 962 4306 certant.
1008 4241 1156 4322 Quorum
1179 4244 1207 4306 si
1223 4241 1457 4329 Basiliensem,

307 4346 363 4430 qui
385 4345 456 4431 ipse
479 4343 668 4409 Basiliensis
692 4348 770 4428 sim,
800 4347 956 4433 optimum
981 4366 1053 4410 esse
1079 4336 1168 4427 dieo,
1199 4367 1398 4431 quamquam
1424 4350 1459 4412 in

307 4448 368 4512 hoe
395 4469 522 4534 quoque
550 4446 652 4513 multa
680 4446 829 4511 socordia
855 4456 989 4534 peecata
1017 4457 1108 4530 sunt,
1138 4447 1173 4512 id
1201 4470 1265 4511 non
1293 4447 1329 4510 fit
1356 4474 1457 4518 caeco
