3044 5124
308 336 348 399 98
621 350 778 396 ruscum
802 349 881 398 srru
905 336 1137 396 ssuruurris.

391 502 470 567 Plus
494 512 543 566 est
565 524 662 588 quam
684 524 789 589 poena
811 503 952 566 iniuriae
974 500 1196 564 succumbere.
1307 554 1309 563 ,

391 605 455 668 Pro
477 604 641 669 medicina
662 614 713 668 est
735 602 837 685 dolor,
862 602 1007 668 dolorem
1030 604 1085 689 qui
1108 612 1215 675 necat.

325 699 335 716 ’
391 707 525 770 Patiens
549 715 581 770 θῖ
604 705 698 770 fortis
720 727 756 768 se
776 707 886 792 ipsum
907 704 1036 770 felicem
1059 703 1149 769 facit.

307 814 369 874 465
392 796 585 894 Prospicere
608 809 643 871 in
664 829 745 894 pace
768 817 905 894 oportet,
929 806 1015 892 quod
1038 805 1161 869 bellum
1183 808 1287 870 iuvet.

390 910 512 974 Parens
535 910 638 974 iratus
661 909 696 971 in
718 931 754 972 se
777 918 826 973 est
849 907 1105 983 crudelissimus.
1186 920 1188 923 ’

389 1010 501 1074 Perdit
523 1034 588 1076 non
611 1011 721 1094 donat,
745 1012 798 1074 cui
820 1011 920 1074 donat
941 1011 1006 1073 nisi
1029 1020 1078 1074 est
1100 1032 1234 1074 memor.

389 1113 489 1193 Probi
512 1111 631 1176 delicta
654 1134 727 1183 cum
749 1111 915 1196 neglegas,
939 1111 1028 1197 leges
1050 1121 1149 1176 teras.

338 1256 347 1275 .
391 1213 471 1276 Pars
495 1214 633 1278 benefici
656 1223 717 1297 est,
741 1213 829 1300 quod
851 1211 972 1300 petitur
995 1216 1023 1278 si
1046 1213 1267 1299 belleneges.
1331 1201 1333 1205 ’

306 1321 368 1379 470
390 1315 569 1401 Properare
591 1316 625 1378 in
648 1314 825 1380 iudicando
848 1324 899 1379 est
920 1316 1044 1378 crimen
1066 1337 1232 1404 quaerere.

394 1415 512 1503 Populi
535 1426 584 1480 est
606 1419 815 1504 mancipium,
840 1417 988 1502 quisquis
1010 1418 1137 1504 patriae
1160 1426 1209 1481 est
1233 1417 1335 1482 utilis.

390 1517 454 1580 Per
476 1540 559 1603 quae
582 1520 627 1582 sis
650 1528 752 1602 tutus,
776 1518 833 1582 illa
855 1540 982 1605 semper
1004 1519 1140 1603 cogites.

384 1620 569 1704 'Perfugere
591 1618 633 1683 ad
655 1620 855 1703 inferiorem,
881 1643 916 1684 se
937 1622 1046 1707 ipsum
1069 1631 1119 1685 est
1140 1620 1282 1685 tradere.

390 1722 566 1786 Peccatum
587 1722 685 1803 amici
708 1721 812 1787 veluti
834 1732 928 1788 tuum
949 1732 1039 1787 recte
1061 1731 1166 1809 putes.

305 1830 367 1886 475
391 1824 511 1888 Potens
534 1824 719 1889 misericors
743 1824 875 1910 publica
898 1834 948 1888 est
970 1823 1121 1888 felicitas.

389 1926 548 1990 Praesens
572 1936 622 1990 est
644 1948 784 2014 semper,
808 1927 927 1990 absens
950 1926 1005 2012 qui
1028 1950 1063 1990 se
1085 1925 1266 1990 ulciscitur.

295 2019 299 2031 ’
390 2027 550 2091 Perfacile
572 2027 654 2091 felix
677 2028 763 2115 quod
789 2038 864 2093 vota
890 2029 1053 2115 imperant
1074 2027 1164 2092 facit.

391 2129 533 2192 Poenam
556 2139 700 2194 moratur
722 2129 900 2217 improbus,
924 2116 989 2194 non
1012 2130 1178 2215 praeterit.

305 2258 307 2261 ·
390 2229 580 2294 Perdidisse
605 2230 762 2318 [honeste]
788 2231 930 2311 mallem,
956 2254 1053 2318 quam
1077 2232 1246 2319 accepisse
1269 2231 1425 2319 turpiter.

306 2489 439 2533 contens
451 2493 480 2533 ,v.
497 2475 680 2535 450--5002
702 2479 731 2533 F
744 2476 792 2550 (T)

306 2593 335 2665 9,
351 2593 380 2649 4.
412 2594 501 2651 Poena
515 2595 598 2650 adm.
614 2595 773 2668 seropede,
789 2604 908 2652 atcerte
925 2596 1001 2651 venit
1015 2597 1136 2666 Muelrly
1194 2634 1198 2639 -
1232 2589 1295 2664 463
1321 2604 1365 2651 est
1380 2596 1461 2652 dolor

305 2679 478 2752 Inpolst..·d.
496 2681 580 2735 estF
629 2714 631 2717 -
664 2680 787 2736 dolorem
803 2682 849 2754 qui
866 2682 989 2738 Gruter:
1011 2681 1195 2754 quidolorem
1211 2681 1252 2743 F;
1275 2687 1319 2735 est
1335 2680 1460 2736 dolorem

305 2765 350 2836 qui
367 2763 448 2820 dolor
464 2772 557 2820 enecat
573 2765 667 2822 Bothe
754 2764 816 2822 464
839 2767 883 2822 An
900 2766 1007 2839 sapiens
1018 2773 1051 2820 et
1072 2765 1169 2821 fortis?
1196 2763 1257 2820 Cic.
1275 2765 1363 2821 Tuse.
1382 2766 1413 2837 3,
1431 2767 1459 2837 7,

306 2848 355 2903 14.
372 2850 448 2905 Hor.
465 2850 526 2905 Sat.
545 2849 580 2920 2,
598 2851 627 2921 1,
646 2850 693 2906 16.
712 2850 796 2907 Guec.
813 2851 899 2907 Bulb.
917 2851 1033 2906 Monac.
1051 2850 1082 2921 2,
1098 2849 1126 2905 2.
1143 2868 1191 2922 pp.
1209 2850 1251 2906 20
1341 2849 1410 2928 ι465
1433 2851 1458 2905 iu

303 2949 369 3006 paee
385 2950 430 3006 op.
449 2934 571 2989 Gruter.-
594 2951 639 3007 op.
655 2935 725 3007 inp.
742 2937 771 2990 F
851 2929 941 3010 quod]
959 2935 1025 3008 quid
1042 2937 1167 2991 editores
1174 2959 1182 2998 ;
1205 2934 1246 3006 cf.
1263 2953 1312 3008 pp.
1331 2934 1372 2991 54

304 3016 352 3073 Au
365 3021 538 3074 sententium
553 3018 594 3090 cf.
613 3018 653 3075 ‘Si
670 3020 708 3074 vis
724 3036 827 3092 pacem,
842 3037 905 3093 para
919 3018 1045 3075 bellum?
1079 3071 1080 3076 ,
1132 3018 1204 3077 467
1218 3020 1389 3075 cuiBotlre:
1414 3021 1458 3093 qui

304 3103 340 3172 F,
362 3104 428 3174 quoi
443 3103 622 3160 Ribbeclo‘us
706 3103 790 3159 donet
812 3106 935 3161 Gruter:
958 3104 1047 3163 datF
1130 3120 1234 3160 memor
1248 3103 1382 3178 Inpolst..·
1405 3121 1458 3160 me·

304 3187 388 3241 moria
410 3188 445 3242 F.
490 3186 611 3259 Perdis,
626 3204 682 3243 non
708 3188 807 3260 detrec,
835 3191 886 3245 nisi
914 3191 949 3245 sit
970 3191 1013 3245 cui
1037 3190 1121 3245 donas
1150 3205 1254 3244 memor
1275 3189 1372 3245 Bothe

304 3270 366 3327 468
389 3270 467 3344 probi
483 3273 614 3347 Inpulsu.-
628 3271 714 3346 probe
729 3274 758 3328 F
841 3272 858 3308 *
874 3291 934 3329 cum
951 3274 1092 3348 neglegas,
1108 3274 1184 3348 leges
1200 3282 1287 3329 teras:
1302 3290 1366 3329 cum
1382 3273 1457 3347 legas

304 3355 411 3410 deteras
426 3358 462 3428 F,
483 3356 600 3413 iudicum
622 3359 698 3432 leges
721 3367 813 3414 terunt
835 3362 930 3432 vulpe,
954 3377 992 3415 uu
1008 3357 1086 3432 probi
1101 3358 1199 3414 delicto
1214 3359 1364 3432 ignoscens
1379 3358 1457 3432 leges

305 3439 428 3496 deteras?
457 3441 614 3498 dissolvitur
640 3444 765 3516 protinus
792 3443 850 3514 ier,
877 3460 938 3499 cum
964 3443 1047 3499 fuerit
1068 3444 1222 3498 misericors
1243 3442 1324 3498 iudex
1344 3444 1375 3499 -Τ

291 3524 365 3582 ,469
389 3527 498 3584 Gellius
514 3527 569 3600 17,
588 3528 643 3600 14,
665 3528 799 3587 Macrob.
821 3528 884 3585 Sat.
903 3529 937 3600 2,
955 3528 984 3599 7,
1005 3523 1069 3584 Iou.
1092 3527 1211 3584 Suresb.
1233 3528 1343 3583 Polior.
1361 3527 1397 3598 8,
1417 3527 1455 3582 14

282 3675 283 3679 ¹
387 3610 502 3669 benefici
518 3614 682 3671 Bentleius:
704 3610 828 3668 beneficii
843 3614 872 3668 F
964 3604 1048 3691 belle]
1065 3612 1137 3668 bene
1152 3614 1307 3682 Erasmus,
1323 3613 1379 3668 cito
1392 3613 1457 3668 Mn-

304 3697 437 3760 crobius,
460 3699 512 3754 sed
532 3699 574 3770 cs:
594 3717 641 3773 pp.
657 3697 707 3755 56.
753 3697 813 3753 Nou
835 3697 894 3754 leve
918 3695 1078 3753 beneficium
1100 3704 1236 3770 praestet,
1258 3698 1305 3770 qui
1327 3697 1361 3752 de
1381 3695 1468 3752 brevi·

304 3782 441 3836 renuntiat
460 3782 485 3837 Τ
579 3783 643 3840 470
665 3791 707 3838 θεῖ
723 3783 824 3838 crimen
838 3783 970 3857 [repulsa.-
993 3799 1030 3838 cr.
1048 3783 1134 3839 estF
1222 3780 1285 3837 474
1310 3781 1355 3854 Cf.
1372 3801 1398 3837 o.
1418 3783 1459 3839 10

391 3865 473 3920 veluti
489 3866 619 3939 Irrpols't..¹
634 3867 708 3922 velut
723 3869 752 3922 F
844 3867 907 3924 475
931 3868 975 3940 Cf.
992 3886 1017 3923 v.
1033 3866 1094 3923 467
1190 3865 1252 3924 476
1276 3867 1322 3938 Of.
1340 3886 1366 3924 u.
1383 3867 1456 3924 552.

306 3947 367 4005 673
422 3957 429 3982 ¹
466 3944 595 4006 *absens
612 3954 717 4024 quise:
742 3953 788 4024 qui
803 3951 900 4008 absens
915 3954 956 4024 F,
980 3952 1025 4024 qui
1040 3951 1136 4006 absens
1151 3952 1231 4006 etiam
1249 3951 1359 4008 Gruter

303 4032 365 4089 477
389 4024 463 4111 vota]
487 4034 541 4089 lata
563 4039 636 4097 coni.
660 4036 779 4110 Inpolst.
886 4039 1032 4110 impetrant
1054 4037 1177 4099 Gruter,·
1202 4053 1230 4109 p.
1252 4036 1272 4091 i.
1297 4036 1372 4109 quod
1393 4036 1458 4093 lacit

303 4120 430 4192 impetrat
446 4120 539 4175 Bothe
632 4120 694 4176 478
717 4127 839 4176 moratur
854 4122 987 4196 Inpolst..·
1004 4129 1063 4176 orat
1078 4123 1107 4178 F
1189 4120 1251 4178 479
1275 4113 1293 4150 *
1309 4117 1457 4196 [honeste]

304 4205 339 4259 cl.
363 4222 387 4260 a
404 4203 479 4262 207:
503 4223 555 4261 om.
574 4207 603 4262 F
700 4200 881 4279 *accepissez
904 4208 1025 4280 accipere
1040 4207 1076 4260 F.
1123 4204 1168 4278 Cf.
1184 4207 1304 4262 Hesiod.
1322 4205 1377 4278 Op.
1394 4206 1457 4263 352

303 4279 343 4361 μή
366 4276 444 4343 aurei
469 4285 654 4362 κερδαίνειν·
678 4278 763 4344 ’κακοὶ
783 4284 888 4364 κέρδεα
909 4280 950 4346 ἷσ’
972 4277 1088 4370 ἄτῃσιν.
1133 4291 1219 4348 Guec.
1240 4291 1320 4346 Bato.
1338 4291 1458 4348 Monac.

306 4374 334 4444 l,
350 4374 379 4430 3.
394 4393 442 4448 pp.
462 4375 500 4431 ts
517 4373 645 4432 ‘Lucrum
662 4383 741 4449 turpe
757 4383 788 4431 ut
801 4375 972 4449 dispendium
988 4375 1089 4450 lugito’
1119 4365 1123 4373 ’
