3044 5124
547 391 593 438 nn
617 391 780 440 uomens.
1178 376 1239 440 143

109 553 159 610 81.
186 545 317 611 Fortior
345 553 394 608 est
422 545 478 632 qui
508 543 721 633 cupiditatem
751 545 872 628 vincit,
903 566 999 630 quam
1028 545 1084 631 qui
1113 545 1238 612 hostem

188 648 318 713 subicit.

107 756 162 816 82.
186 749 248 814 Est
270 747 501 814 difficillimum
525 771 559 814 se
581 750 690 836 ipsum
712 751 854 815 vincere.

104 859 158 916 83.
184 851 303 940 Inique
332 852 497 935 irascitur,
521 852 578 938 qui
601 853 669 917 suis
692 853 844 917 irascitur
868 854 939 917 sine
962 850 1084 917 dolore.

108 960 161 1018 84.
184 956 307 1018 Amare
330 954 378 1018 sic
399 954 519 1041 incipe,
542 963 708 1040 tamquam
729 977 794 1019 non
816 953 913 1019 liceat
936 954 997 1019 tibi
1020 953 1180 1017 desinere.

108 1062 160 1120 85.
184 1056 379 1142 Magnarum
407 1076 514 1119 rerum
543 1056 671 1120 etiamsi
700 1079 869 1124 successus
900 1078 965 1121 non
992 1053 1152 1138 adfuerit,
1182 1055 1239 1118 ho-

186 1167 298 1223 nestus
323 1166 372 1223 est
394 1157 466 1243 ipsc
488 1167 634 1223 conatus.

108 1266 161 1351 86.
185 1259 350 1325 Nobilitas
373 1259 476 1323 animi
498 1261 701 1345 generositas
725 1282 850 1325 sensus.

110 1368 164 1426 87.
188 1360 353 1426 Nobilitas
377 1361 517 1426 hominis
540 1383 717 1447 generosus
739 1364 877 1427 animus.

108 1469 163 1528 88.
187 1463 365 1529 Honestior
394 1473 460 1545 est,
489 1465 545 1549 qui
575 1472 775 1529 senectutem
796 1464 839 1528 ad
862 1465 965 1530 otium
986 1464 1114 1547 retulit,
1143 1485 1240 1550 quarn

187 1568 243 1652 qui
265 1567 300 1630 in
323 1575 523 1630 senectutem
545 1568 638 1632 venit
661 1574 693 1630 ct
715 1576 794 1631 tunc
816 1566 952 1652 incipiat
974 1564 1134 1631 laborare.

108 1674 164 1732 89.
187 1667 298 1755 Turpe
320 1667 543 1754 spectaculum
566 1668 702 1754 praebet
724 1690 821 1754 aeger
843 1669 981 1733 animus.

110 1777 165 1836 90.
187 1770 372 1855 Numquam
394 1770 499 1834 tristis
520 1770 624 1834 facies
647 1771 692 1835 sit
713 1769 776 1835 tibi
798 1771 832 1834 in
855 1769 1022 1835 commodo
1044 1768 1191 1833 alterius.

110 1878 166 1936 91.
189 1871 295 1937 Homo
324 1893 408 1938 sum:
442 1871 603 1958 quomodo
631 1871 787 1938 devitabo
817 1872 1032 1938 secundarum
1060 1894 1168 1935 rerum
1190 1872 1237 1935 in-

190 1973 339 2038 vidiam?
1085 2049 1091 2054 ·

111 2081 165 2143 92.
189 2075 223 2141 Si
247 2065 439 2142 felicitatem
462 2077 648 2160 iactaveris‚
671 2075 782 2141 multis
806 2076 899 2143 dives
924 2077 998 2142 eris.
1067 2125 1072 2131 -

111 2185 165 2242 93.
188 2177 360 2258 Quomodo
384 2179 506 2265 optime
528 2180 707 2265 potentiam
730 2179 871 2245 tuebor?
899 2179 1125 2265 timpotentia
1147 2200 1239 2244 occa-

189 2280 300 2344 sionis.
1261 2294 1263 2297 ’

113 2387 164 2446 94.
187 2381 311 2446 Locum
332 2389 423 2448 tenet
443 2384 631 2471 proximum
653 2384 858 2448 innocentiae
880 2372 1059 2449 confessio:
1085 2382 1143 2448 ubi
1165 2403 1239 2448 con-

189 2483 301 2568 fessio,
324 2484 373 2549 ibi
393 2486 554 2554 remissio.

111 2593 163 2652 95.
181 2586 233 2652 96.
257 2586 422 2652 Severitas
443 2588 478 2651 in
497 2588 580 2652 vitio
596 2596 656 2671 est,
673 2590 749 2676 quia
763 2589 934 2676 proximus
949 2587 1132 2652 iniustitiae
1148 2586 1237 2652 locus

189 2688 359 2755 severitas.

112 2798 165 2856 97.
188 2790 298 2855 Bonus
325 2789 428 2855 iudex
457 2800 522 2875 est,
551 2792 606 2878 qui
635 2800 744 2878 potest
772 2792 962 2878 dispensare
984 2814 1049 2856 non
1071 2799 1138 2856 tam
1160 2788 1239 2879 quid

188 2892 409 2958 damnandum
431 2894 485 2976 sit,
508 2892 567 2959 sed
590 2902 759 2981 quatenus.

89 3078 121 3128 et
141 3073 219 3129 editt.
264 3072 301 3128 In
322 3075 465 3129 sententio
487 3078 629 3145 corrupto
644 3075 780 3130 lacunam
797 3075 977 3147 siqnificossa
993 3076 1064 3129 sotis
1079 3072 1239 3129 tabuimus.

177 3156 218 3222 81Ἰ
243 3154 288 3229 Cf.
304 3158 438 3214 Laetam.
454 3161 541 3214 instit.
560 3158 589 3229 1,
606 3157 642 3214 9.-
665 3157 736 3213 ‘Non
752 3159 823 3214 enim
839 3158 937 3214 sortior
951 3157 1109 3213 iudicandus
1125 3165 1178 3230 est,
1194 3159 1240 3232 qui

89 3242 200 3297 leonem
221 3258 300 3314 quam
323 3243 370 3315 qui
391 3241 544 3298 violentiam
568 3249 596 3298 et
615 3241 778 3298 iracundiam
799 3245 931 3316 superat'.
976 3243 1115 3301 Proverb.
1133 3241 1239 3300 Solam.

92 3326 142 3389 16,
160 3325 199 3382 32
222 3313 252 3391 ‘d
266 3323 383 3399 κρατῶν
399 3315 491 3401 ὀργῆς
507 3321 650 3400 κρείσσων
666 3324 719 3382 τοῦ
735 3322 1038 3401 καταλαμβανομένου
1053 3320 1165 3384 πόλιν’.

91 3409 132 3467 82
155 3404 218 3486 Est]
241 3412 312 3466 enim
332 3414 442 3469 addunt
464 3412 526 3469 GS
634 3412 674 3470 83
697 3406 801 3488 Inique]
823 3429 909 3486 paene
930 3413 1021 3486 inique
1043 3412 1078 3483 S,
1099 3411 1169 3469 bene
1190 3413 1240 3467 ini-

92 3495 186 3569 qch
281 3498 339 3553 siue
362 3496 457 3553 dolore
480 3498 523 3553 Ga
545 3495 581 3552 S:
603 3498 674 3552 siin
695 3496 791 3552 dolore
813 3496 853 3553 Gb
971 3497 1010 3554 85
1033 3496 1166 3552 Bonorum
1187 3513 1241 3552 rna·

91 3597 262 3654 gnarumque
278 3582 304 3638 P
387 3581 427 3639 87
450 3577 582 3659 hominis]
600 3582 722 3656 corporis
738 3584 821 3656 culpo
906 3581 945 3639 88
970 3597 1050 3654 quem
1065 3590 1192 3637 senectus
1208 3579 1240 3637 ad

91 3666 178 3721 otium
194 3669 277 3740 culpo
371 3661 428 3722 *in
444 3661 626 3743 senectutem]
643 3668 670 3722 iu
687 3667 772 3723 otium
787 3668 869 3730 titre
893 3682 973 3739 quam
989 3683 1068 3739 quem
1085 3666 1112 3721 in
1128 3668 1185 3722 otio
1201 3667 1241 3722 in·

90 3751 167 3806 venit
188 3753 266 3807 editt.
354 3751 395 3809 90
417 3752 497 3808 lacios
519 3753 556 3807 sit
576 3751 624 3808 tibi
641 3752 684 3808 Ga
700 3770 735 3808 m.
752 3767 810 3808 sce.
837 3752 901 3808 Vct
916 3753 978 3808 edd.
1001 3752 1023 3806 si
1045 3752 1171 3824 quotiens
1193 3751 1241 3810 tibi

90 3837 143 3908 ipsi
160 3835 332 3892 incommodo
347 3837 445 3892 vixeris
459 3838 525 3894 libb.
542 3844 609 3895 vett.
671 3836 710 3895 92
734 3836 826 3893 multis
844 3837 882 3893 G:
896 3837 925 3891 in
941 3836 1032 3892 multis
1047 3833 1080 3908 S,
1096 3854 1157 3893 cum
1173 3836 1242 3892 mul·

92 3921 127 3975 tis
143 3924 226 3994 culpo
299 3921 339 3979 93
362 3919 442 3991 ille
458 3925 628 3995 corruptela
643 3940 700 3979 non
714 3925 818 3995 liquet:
838 3921 910 3994 fort.
928 3938 987 3979 scr.
1003 3924 1135 3995 potentia,
1152 3929 1183 3980 ut
1199 3928 1241 3979 est

94 4023 141 4076 op.
158 4001 228 4062 Sea.
245 4007 280 4062 de
296 4010 376 4063 clem.
395 4007 424 4079 1,
443 4007 492 4078 13,
510 4006 527 4062 2
549 4004 663 4064 ‘seelera
679 4005 825 4063 sceleribus
841 4007 941 4062 tuenda
955 4008 1042 4063 sunt'.
1088 4007 1159 4064 Sall.
1178 4007 1239 4065 Cat.

94 4089 158 4163 2‚4
175 4087 329 4164 ‘imperium
344 4092 377 4148 iis
393 4091 495 4148 artibus
511 4094 655 4164 retinetur,
671 4090 768 4166 quibus
784 4093 861 4148 initio
877 4100 984 4166 partum
1000 4092 1064 4149 cst'.
1124 4091 1164 4148 94
1180 4109 1242 4166 peo-

93 4176 146 4230 cati
162 4176 312 4232 verecunda
333 4176 468 4233 confessio
484 4178 511 4233 P
584 4176 624 4233 95
647 4178 675 4233 in
690 4178 755 4232 vitio
774 4178 816 4234 Ga
831 4197 867 4234 m.
884 4194 952 4235 sec:
975 4176 1053 4233 abrrio
1071 4177 1105 4246 G,
1121 4178 1240 4233 oriminis

93 4258 211 4315 abnubio
227 4260 250 4317 S
253 4285 263 4325 ‚·
275 4261 348 4334 fort.
363 4263 517 4334 criminosa,
534 4265 598 4320 coll.
614 4262 695 4319 Pubt.
714 4260 744 4318 S.
761 4282 786 4319 v.
802 4261 862 4319 254
962 4257 1146 4318 *iniustitiam
1163 4263 1241 4318 iusti·

91 4338 150 4400 tiae
167 4347 292 4417 codices,
309 4351 391 4421 culpo
482 4346 559 4404 locus
577 4348 615 4404 G.-
629 4346 726 4403 modus
739 4347 762 4403 S
772 4350 855 4422 culpo
963 4346 1002 4403 97
1025 4339 1129 4426 potest]
1150 4348 1190 4405 Gb
1207 4348 1241 4404 S.-

90 4431 357 4490 corbeienses.
446 4441 498 4488 tam
516 4434 559 4490 Ga
574 4452 609 4489 m.
625 4449 697 4490 sec„-
712 4429 766 4488 tani
783 4432 812 4506 S,
830 4440 933 4489 tantum
950 4431 991 4488 Gb
