3014 5116
514 408 787 457 6666666666.
803 393 809 399 ’
1180 392 1221 456 25

76 563 193 630 inferis
217 562 379 627 excitatus
402 572 504 644 esset,
532 563 707 648 proverbia
729 561 872 627 Senecae
893 561 928 625 in
950 561 1145 626 oblivionem
1170 584 1220 626 ca-

75 665 156 730 dere
184 673 369 752 coeperunt.
415 664 480 730 Sed
506 665 642 749 triginta
670 664 739 727 fere
763 666 860 752 annis
888 674 978 751 post,
1013 686 1085 728 cum
1115 663 1220 729 Hen-

75 770 190 832 ricus
227 765 482 832 Panthaleon
518 769 552 830 in
585 765 831 852 proverbiorum
865 766 1011 832 codicem
1043 766 1221 848 incidisset,

75 871 312 934 sententiarum
333 868 591 933 Publilianarum
615 868 746 949 silvam,
772 891 880 933 raram
901 868 992 934 illam
1013 867 1101 955 apud
1123 870 1220 933 Eras-

63 994 167 1036 mum
194 972 272 1036 inde
294 993 313 1034 a
335 969 445 1035 littera
466 970 514 1049 N,
544 969 681 1035 densare
710 979 742 1034 et
769 969 931 1056 complere
947 970 1021 1039 ,sibi
1044 973 1136 1035 visus
1160 981 1220 1053 est,

77 1076 142 1138 etsi
168 1073 253 1137 nihil
281 1072 370 1138 aliud
391 1071 508 1143 auxilii
531 1072 662 1154 habuit,
692 1072 899 1159 quam'quod
921 1074 986 1136 iam
1009 1073 1145 1137 Erasmo
1168 1097 1220 1138 co·
1257 1148 1259 1151 ⁸

30 1164 36 1169 .
76 1179 207 1261 gnitum
229 1175 346 1239 fuerat.
390 1176 443 1238 De
465 1177 556 1238 cuius
580 1174 723 1239 editione
746 1196 819 1237 cum
834 1175 1068 1261 posterioribus
1083 1175 1221 1239 saeculis

74 1277 161 1342 nihil
187 1275 326 1363 amplius
354 1297 395 1339 ne
417 1276 504 1339 fama
526 1275 657 1362 quidem
680 1276 828 1340 auditum
849 1277 907 1359 sit,
936 1276 1068 1363 plenum
1089 1277 1219 1342 titulum

74 1380 256 1464 adscripsi:
281 1378 416 1443 Catonis
439 1378 580 1442 disticha
602 1377 738 1443 moralia
759 1401 833 1444 cum
853 1377 984 1443 scholiis
1001 1379 1131 1444 Erasmi
1146 1379 1220 1443 Rot.

75 1481 172 1546 Mimi
187 1479 341 1544 Publiani
363 1502 444 1544 cum·
459 1479 606 1545 eiusdem
629 1478 759 1544 scholiis
782 1483 886 1545 auctis
907 1482 1078 1566 recogniti,
1103 1481 1221 1567 quibus

75 1578 286 1648 accesserunt
312 1582 445 1668 plurimi
472 1599 584 1668 nuper
603 1582 731 1645 inventi
758 1592 790 1647 61
817 1605 994 1669 numquam
1020 1585 1108 1670 typis
1132 1582 1221 1646 evul-

74 1687 157 1771 gati,
180 1708 200 1749 a
215 1684 369 1749 Heinrico
385 1683 605 1749 Panthaleone
627 1685 786 1767 recogniti
809 1706 946 1771 cumque
969 1685 1112 1749 eiusdem
1129 1686 1220 1749 scho-

74 1787 132 1852 liis
158 1782 324 1851 illustrati.
368 1787 481 1876 Dicta·
496 1786 655 1852 Graeciae
684 1784 889 1872 Sapientum,
924 1808 997 1850 cum
1019 1787 1221 1872 ,quibusdam

75 1889 208 1953 Erasini
241 1887 416 1976 opusculis.
460 1887 648 1951 Basileae
682 1911 767 1952 anno
797 1887 904 1952 1544.
937 1889 1132 1974 impressum
1164 1911 1222 1975 per

75 1990 252 2055 Erasmum
279 1989 492 2077 Xylotectum
528 2011 639 2054 mense
667 1990 828 2073 Augusto.
874 1989 939 2054 Sed
969 2011 1050 2076 quae
1082 1999 1131 2054 est
1159 1993 1222 2054 ista

74 2094 247 2156 mimorum
271 2115 374 2178 nuper
396 2093 604 2157 inventorum
626 2092 780 2176 farrago?
804 2091 947 2157 Iactator
962 2090 1027 2172 ille,
1051 2093 1108 2178 qui
1123 2093 1220 2158 Sene-

74 2215 137 2258 cae
158 2195 405 2280 proverbiorum
429 2193 587 2259 editiones
611 2194 730 2258 totiens
752 2194 908 2281 repetitas
930 2216 971 2258 ne
993 2204 1129 2259 noverat
1150 2197 1220 2281 qui-

75 2296 168 2379 dem,
193 2296 273 2360 nihil
294 2294 384 2360 aliud
405 2294 494 2383 fecit,
517 2297 818 2383 nisiposteriorem
841 2297 1074 2361 sententiarum
1095 2307 1222 2384 partem

76 2397 224 2482 (N-V)
248 2407 376 2462 centum
407 2395 474 2460 fere
503 2398 623 2482 viginti
645 2420 687 2460 ex
709 2397 957 2485 proverbiorum
980 2399 1091 2463 codice
1114 2399 1220 2463 ductis

75 2509 111 2563 et
139 2521 234 2584 aegre
262 2499 316 2563 ad*
334 2499 498 2585 quandam
526 2502 705 2563 carminum
734 2500 875 2586 speciem
903 2500 1089 2565 assimilatis
1117 2502 1220 2584 auxit,

73 2601 166 2664 idem
186 2601 229 2664 ad
251 2602 393 2688 priorem
416 2611 540 2688 partem
563 2601 686 2688 aliquot
708 2600 853 2682 addidit,
878 2594 996 2688 partim
1019 2624 1098 2688 quas
1122 2603 1220 2666 Eras-

74 2726 148 2766 mus
178 2713 347 2790 spreverat
374 2712 411 2767 ut
440 2705 536 2767 nimis
567 2713 753 2789 corruptas,
792 2725 986 2789 quamquam
1022 2713 1114 2768 erant
1143 2726 1221 2768 vere

74 2803 297 2888 Publilianae,
326 2804 408 2869 alias
437 2828 478 2869 ex
507 2806 649 2870 Senecae
677 2805 718 2870 de
747 2804 918 2870 clementia
946 2805 1054 2888 libris,
1086 2829 1222 2893 quarum

70 2907 151 2993 fons
175 2917 244 2971 erat
265 2907 433 2995 appendix
455 2890 512 2972 illl
534 2907 782 2994 proverbiorum
805 2907 972 2972 codicibus
995 2908 1169 2989 666661116,
1185 2917 1221 2972 61

75 3031 178 3095 supra
199 3011 462 3090 memoravimus,
487 3008 569 3075 falso
592 3010 704 3073 affixa.

164 3110 278 3196 Neque
305 3120 415 3174 tamen
441 3110 502 3175 hoc
532 3110 617 3176 malo
640 3111 869 3176 Panthalconis
900 3111 1049 3198 exemplo
1077 3097 1223 3199 corrupti

75 3222 154 3277 sunt
186 3213 349 3297 Georgius
378 3212 564 3293 FabriciuS,
598 3213 760 3278 Henricus
796 3213 997 3301 Stephanus,
1031 3214 1221 3280 Theodorus

75 3315 283 3398 Zwingerus.
328 3313 372 3377 Et
395 3314 611 3379 Fabricius
634 3314 781 3400 quidem,
806 3316 1067 3396 Chcmnicensis,
1092 3318 1222 3381 cumin

74 3416 205 3481 duobus
228 3416 471 3503 exemplaribus
494 3417 649 3502 antiquis,
672 3417 731 3480 sed
753 3418 967 3504 interpolatis,
990 3441 1093 3482 novos
1108 3417 1220 3482 Publi-

72 3519 125 3599 lii,
149 3528 185 3581 ut
206 3519 275 3604 ipse
299 3519 502 3603 opinabatur,
526 3540 640 3582 versus
663 3520 854 3600 invenisset,
878 3519 959 3584 adeo
982 3529 1091 3583 tamen
1115 3541 1149 3584 66
1165 3519 1220 3583 ad·

63 3622 164 3686 dixit
187 3620 340 3701 11166666,
369 3629 405 3684 61
428 3622 605 3684 6661661166
628 3620 669 3685 ab
699 3619 755 3685 illo
784 3621 897 3684 editas
918 3622 1053 3687 seorsim
1076 3631 1221 3708 poneret,

73 3744 153 3787 suas
176 3731 270 3786 caute
292 3722 486 3787 inscriberet
508 3722 699 3788 ‘Sententiam
720 3723 829 3788 Publii
850 3726 956 3788 1616116
977 3725 1115 3788 61611166.
1150 3723 1220 3787 Pri-

72 3846 167 3888 mum
189 3823 293 3898 edidit
316 3821 511 3906 Publilium,
535 3834 571 3888 ut
593 3833 703 3888 narrat
727 3824 971 3910 SchweigeruS,
994 3827 1028 3888 in
1051 3823 1220 3917 elegantiis

74 3949 95 3989 6
118 3925 234 3989 Plauto
257 3946 295 3988 ac
316 3925 470 3990 Terentio
492 3925 637 3991 collectis
652 3926 785 4012 Lipsiae
802 3928 893 4009 1551),
917 3927 1003 3990 haud
1026 3926 1127 3991 multo
1149 3936 1222 4012 post

72 4030 288 4112 Argentorati
312 4016 404 4110 1554,
428 4029 456 4090 si
478 4027 559 4091 fides
582 4038 632 4092 est
656 4027 771 4111 Zellio,
794 4051 859 4092 666
880 4053 955 4093 cum
971 4030 1105 4094 Catonis
1128 4027 1221 4093 disti·

72 4129 165 4212 61116,
193 4127 298 4194 denuo
320 4128 457 4215 Lipsiae
479 4152 506 4192 a.
533 4130 625 4195 1560.
650 4131 741 4195 1561.
768 4132 859 4196 1511.
885 4130 982 4212 1581,
1012 4131 1130 4217 quibus
1154 4130 1222 4194 edi-

70 4232 221 4295 tionibus
251 4230 384 4295 editoris
414 4229 564 4318 epistula
582 4230 785 4298 dedicatoria
806 4255 835 4296 6.
862 4233 942 4297 1558
966 4241 997 4296 61
1025 4234 1224 4320 typographi
1344 4230 1347 4233 ’

71 4331 236 4421 praefatio
258 4356 287 4396 a.
315 4334 395 4398 1559
419 4335 539 4421 scripta
561 4335 760 4421 praemissae
783 4343 868 4398 6661.

162 4433 292 4498 Deinde
314 4433 450 4499 Publilii
472 4437 650 4500 sententias
673 4435 839 4524 per'locos
864 4457 1049 4501 communes
1073 4438 1220 4522 digestas
1293 4496 1299 4507 „
