3014 5116
507 407 780 455 raonncouuun.
1178 396 1214 456 n

284 494 300 521 ἡ

70 561 157 643 lirct,
181 561 289 624 mimis
306 561 480 626 inserebat.
525 560 663 648 Itaque„
677 563 732 649 qui
748 562 878 627 domurn
893 562 1017 649 aliquid
1033 549 1075 627 ex
1089 565 1216 631 theatro
1265 653 1269 658 .

68 665 193 728 referre
216 663 331 745 vellet,
360 662 518 746 habebat,
548 664 635 749 quod
657 674 790 751 propter
812 663 946 728 brevem
967 666 1127 732 ambitum
1148 691 1216 732 eer—
1311 712 1319 726 ,

69 778 186 853 tosque
208 764 390 829 iamborum
412 765 680 830 trochaeorumve
700 769 783 831 ictus
799 766 933 831 auribus
949 767 1045 832 facile
1061 770 1218 836 insideret

21 929 22 937 ,
69 870 245 955 animoque
276 867 474 955 insculptum
506 879 662 933 maneret.
707 869 753 932 Iis
782 871 952 934 sententiis
978 866 1046 934 iam
1073 873 1217 957 Augusti

70 971 271 1058 temporibus
295 980 403 1034 tantus
426 971 460 1032 in
482 971 648 1036 rhetorum
670 971 789 1036 scholis
813 971 943 1036 habitus
968 982 1017 1036 est
1039 974 1158 1056 honor,
1181 979 1235 1053 ut'

70 1072 243 1160 discipulis
267 1072 416 1158 exemplo
440 1074 747 1160 proponerentur*),
771 1083 926 1160 tantaque
948 1096 1058 1138 earum
1072 1075 1144 1140 *fuit
1161 1077 1236 1153 ad2

70 1178 201 1242 miratio
223 1176 309 1239 inter
330 1173 608 1258 adulescentulos,
631 1185 668 1239 ut
689 1175 865 1239 verborum
886 1175 1014 1240 aculeos
1038 1187 1069 1241 et
1090 1202 1216 1244 mucro-

68 1304 145 1362 nes,
169 1278 345 1358 antitheta,
368 1275 599 1342 translationes
621 1277 795 1362 variosque
817 1276 940 1342 colores
964 1279 1083 1344 imitati
1104 1280 1146 1344 ad
1168 1283 1217 1344 in-

70 1383 196 1447 saniam
229 1401 332 1465 usque
359 1378 599 1465 detorquerent.
644 1377 752 1442 Huius
780 1379 971 1444 sententiosi
998 1383 1127 1465 generis
1156 1391 1216 1464 est,
1306 1409 1309 1416 ’

69 1482 226 1571 quicquid
249 1482 317 1545 fere
334 1502 493 1544 ¹versuum
515 1479 775 1544 Publilianorum
798 1503 818 1544 a
838 1479 1008 1561 Senecis
1039 1493 1153 1570 patre
1177 1494 1216 1549 et
1316 1533 1319 1536 .

69 1587 163 1651 filio
185 1585 328 1666 affertur,
351 1582 410 1646 sed
432 1584 630 1665 memoriter,
654 1583 740 1669 quod
756 1605 798 1647 ex
814 1583 888 1648 Sen.
905 1594 1052 1649 controv.
1069 1588 1214 1672 pg.-206‚

40 1726 43 1727 ν
70 1691 92 1753 4
115 1711 163 1775 sq.
186 1687 281 1750 Burs.
305 1686 513 1772 perspicuum
536 1694 596 1749 est.
641 1684 769 1748 Pariter
792 1684 947 1749 Senecam
976 1686 1215 1773 philosophum,

72 1813 154 1878 quos
182 1787 329 1852 laudavit
356 1785 536 1851 versiculos
563 1809 628 1850 non
656 1808 698 1850 ex
725 1786 819 1850 libris
843 1786 1072 1873 descripsisse,
1102 1789 1217 1852 sedin
1298 1856 1302 1859 ,

70 1887 206 1957 theatro
219 1889 387 1954 audivisse
409 1890 512 1975 ipsius
534 1887 637 1952 verba
658 1897 769 1974 aperte
791 1888 944 1975 produnt,
968 1891 1068 1975 epist
1090 1891 1161 1973 108,
1184 1892 1215 1955 8.

65 1995 107 2058 =9:
140 1980 255 2058 Nonne
281 1990 396 2070 uides(
414 1993 673 2072 qnnrnudrnodnrn
706 1992 829 2055 theatra
861 1997 1040 2069 consonent,
1077 1995 1217 2073 quotiens

70 2099 182 2178 uliqnn
209 2098 292 2159 dieta
318 2098 405 2173 sunt,
439 2114 519 2175 qnue
543 2094 668 2175 publice
696 2095 894 2175 npnoseinnns
915 2098 944 2158 et
965 2115 1115 2159 consensn
1136 2117 1212 2160 vern

71 2221 135 2281 esse
156 2197 332 2263 testunnr?
867 2185 876 2202 ‘

296 2313 411 2371 Desunt
432 2313 548 2385 inopine
569 2313 677 2379 nnita,
700 2313 843 2373 uncritiue
864 2315 984 2372 omnin.>
1028 2287 1034 2299 Ι

70 2446 184 2527 iuius
200 2446 253 2507 12:
280 2443 359 2509 Onna
373 2444 448 2509 hnec
464 2448 555 2523 utqrte
570 2443 721 2506 eiusnodi
736 2444 885 2507 andinus
896 2448 948 2507 ete.
972 2444 1079 2530 Epist.
1094 2445 1148 2526 94,’
1158 2446 1216 2510 43ε

318 2583 366 2644 Ab
388 2586 446 2644 utto
468 2589 606 2658 expectes,
629 2584 713 2644 alteri
734 2585 810 2657 qnod
830 2585 940 2656 feceris.

70 2718 163 2783 Haec
193 2739 263 2782 ennt
289 2719 353 2781 ietn
387 2717 523 2797 qnednnt
550 2717 699 2779 nndirnns
725 2719 777 2778 ete.
824 2712 939 2793 Quid?
974 2715 1061 2801 quod
1094 2716 1219 2781 Seneca

71 2820 184 2885 rhetor
205 2829 242 2884 ut
264 2817 400 2883 Publilii
423 2818 617 2882 sententiam
639 2817 723 2880 hanc
744 2814 872 2880 attulit:

298 2961 414 3019 Desnnt
436 2961 570 3019 invnnrtne
591 2961 697 3026 nnita,
721 2960 863 3017 nnurttine
880 2946 993 3027 omnin

72 3094 129 3180 qui
151 3091 239 3155 idem
261 3113 376 3154 versus
399 3091 433 3153 in
455 3090 575 3154 nostris
599 3088 766 3154 codicibus
790 3089 837 3150 sic
859 3089 999 3152 traditus
1023 3099 1089 3153 est:
1157 3090 1160 3096 '

178 3226 303 3298 [nonin
319 3242 417 3296 neren
441 3221 512 3301 (leg.
531 3221 643 3299 panon)
668 3225 786 3294 desunt,
809 3227 951 3286 ennrttine
973 3226 1080 3282 omnin.

72 3356 142 3436 Qui
165 3356 331 3419 dissensus
353 3352 441 3417 haud
457 3356 523 3418 scio
539 3376 581 3418 an
595 3355 642 3418 ita
658 3353 872 3443 explicandus
889 3356 942 3450 sit,
965 3363 1001 3417 ut
1016 3362 1071 3416 aut
1087 3352 1214 3440 lapsum
1280 3362 1288 3366 ’

36 3513 45 3525 2
70 3459 248 3523 memoriae
276 3457 410 3521 subesse
433 3466 488 3520 aut
511 3455 685 3541 histriones
709 3456 811 3521 verba
834 3480 891 3521 suo
915 3455 1049 3519 arbitrio
1066 3457 1218 3545 ‘variasse

71 3570 264 3624 statuamus.

157 3663 202 3727 Ut
225 3670 332 3724 autem
355 3661 389 3723 in
411 3658 552 3724 Senecae
578 3659 764 3748 philosophi
787 3660 879 3724 libris
902 3658 1004 3722 multa
1027 3667 1141 3755 extant
1164 3680 1218 3745 pa-

69 3773 185 3828 ternae
214 3762 405 3848 disciplinae
433 3762 590 3846 vestigia,
619 3770 655 3824 ut
684 3761 736 3824 vel
764 3764 798 3825 in
820 3760 924 3824 ¹rebus
953 3761 1087 3824 minutis
1115 3760 1218 3846 patris

70 3863 259 3950 exemplum
288 3863 562 3950 expresserit**)‚
596 3864 642 3926 ita
669 3864 804 3926 mirifice
836 3865 1026 3943 concinunt,
1056 3871 1138 3948 quae
1163 3860 1218 3925 ille

69 3989 127 4053 pg.
150 3966 228 4047 206,
255 3968 291 4029 11
321 3964 471 4029 Cassium
501 3964 658 4029 Severum
687 3964 727 4028 de
755 3963 898 4029 Publilio
927 3963 1090 4046 dicentem
1111 3962 1216 4026 facit:
1306 4042 1308 4047 ι

69 4066 173 4133 ninltn
196 4069 283 4149 npnd
304 4088 378 4132 eninv
395 4068 506 4131 errelins
528 4086 590 4131 esse
612 4068 710 4145 dieta,
735 4087 831 4152 qnnrn
849 4067 941 4148 'npetu
962 4086 1150 4165 qnnrnqnnnn
1172 4086 1218 4129 eo-

141 4202 169 4271 *)
188 4205 252 4257 Son.
272 4206 341 4272 rhet.
360 4208 418 4267 202,
436 4207 468 4253 24
488 4205 565 4258 Burs.
585 4201 780 4255 Pnbb'b'unnnt
799 4201 885 4266 dedit,
902 4207 961 4268 211,
975 4205 1008 4252 24
1025 4199 1218 4252 Publilianum

67 4288 237 4342 sententian
255 4287 332 4340 dedit
350 4287 451 4341 Festns
469 4286 584 4354 qnidam
601 4291 701 4340 orator.
995 4292 999 4297 “

123 4372 168 4436 **)
188 4375 378 4425 Animadverti
396 4390 439 4424 ex.
458 4389 497 4436 gr,
515 4378 659 4445 utrumque
679 4375 847 4425 abstinuisse
860 4374 995 4425 vocabulo
1008 4369 1067 4435 etsi,
1087 4377 1114 4423 et
1130 4373 1217 4423 vitan-

71 4460 127 4512 dae
148 4460 334 4525 amphiboliae
354 4474 440 4510 causa
457 4458 625 4523 praetulisse
644 4456 760 4511 etiamst.
