3274 5280
375 391 418 456 34
808 405 1080 455 raonsaonsna

374 666 472 750 llll.
530 666 637 770 Quae
674 663 885 775 sententiae
923 663 1095 750 Publilio
1136 663 1213 750 sint
1251 664 1525 768 vindicandae,

636 829 736 910 quae
771 803 1014 884 damnandae
1051 800 1262 909 quaeritur.

460 1001 653 1067 Praemissis
683 1022 766 1087 quae
789 1000 830 1063 de
852 999 995 1064 Publilio
1019 1001 1153 1087 eiusque
1175 1002 1411 1066 sententiarum
1433 1003 1525 1066 codi-

376 1106 469 1170 cibus
492 1115 524 1168 ct
547 1102 746 1168 editionibus
769 1124 901 1168 monere
923 1103 1037 1188 utique
1059 1123 1191 1167 necesse
1212 1113 1300 1187 erat,
1327 1105 1525 1168 accedamus

375 1209 441 1272 iam
470 1207 513 1270 ad
539 1205 762 1292 quaestionem
790 1204 1034 1289 gravissimam,
1064 1226 1146 1289 quae
1168 1226 1226 1291 per
1247 1213 1295 1269 tot
1318 1205 1526 1271 saeculorum

376 1311 548 1373 decursum
575 1305 814 1393 philologcrum
844 1307 979 1391 ingenia
1000 1329 1065 1371 non
1088 1307 1235 1372 exercuit
1256 1306 1376 1391 solum,
1406 1309 1525 1372 sedin

375 1423 442 1477 tam
465 1411 614 1475 diversas
637 1407 782 1494 abripuit
810 1411 1006 1491 sententias,
1033 1418 1070 1473 ut
1093 1409 1189 1473 hodie
1211 1431 1270 1474 nos
1293 1433 1313 1472 a
1335 1411 1525 1495 cognitione

376 1515 446 1578 veri
475 1511 603 1596 longius
632 1510 747 1576 abesse
776 1509 946 1574 fatendum
975 1513 1017 1574 sit
1046 1532 1143 1596 quam
1167 1533 1252 1576 anno
1277 1511 1359 1576 1514
1381 1511 1522 1576 Deside-

375 1617 443 1680 rius
467 1615 623 1678 Erasmus
652 1612 768 1676 fuerat.
814 1611 851 1676 Si
874 1613 946 1698 quis
975 1623 1084 1677 autem
1106 1614 1215 1677 missis
1239 1613 1436 1679 editionibus
1460 1613 1524 1678 soli

376 1701 550 1782 innitetur*
565 1715 714 1780 codicum
742 1715 928 1778 auctoritati
950 1736 1056 1800 neque
1078 1737 1113 1778 se
1136 1714 1299 1779 erroribus
1321 1716 1363 1780 ab
1385 1714 1523 1779 homini-

376 1821 437 1884 bus
461 1818 579 1908 doctis·
588 1817 730 1881 invectis
754 1816 917 1903 eorrumpi
940 1818 1100 1903 patietur,
1124 1815 1212 1880 haud
1234 1818 1281 1881 ita
1303 1817 1438 1881 difficile
1461 1819 1525 1881 erit

376 1922 599 2007 quaestionem
621 1917 718 2005 paulo
741 1917 983 2003 impeditiorem
1005 1920 1040 1982 in
1063 1941 1137 1983 suas
1160 1928 1268 2006 partes
1291 1917 1470 1984 dissolvere
1484 1941 1525 1981 ac

376 2022 505 2108 singula
528 2029 691 2086 momenta
713 2018 817 2083 libero
839 2017 962 2083 iudicio
984 2019 1176 2106 ponderare.

463 2127 495 2208 1)
519 2123 698 2187 Videamus
722 2121 863 2206 primum
886 2120 932 2183 de
956 2123 1176 2186 sententiis
1198 2124 1233 2186 in
1252 2122 1395 2188 editione
1410 2133 1524 2187 nostra

376 2225 593 2291 inclinatis
623 2222 781 2287 litteris
810 2225 1037 2306 expressis,
1072 2246 1209 2310 quarum
1237 2226 1341 2311 prima
1371 2234 1420 2288 cst
1448 2235 1524 2312 post

377 2351 411 2392 v.
434 2327 496 2392 386

551 2450 692 2509 Nondum
713 2447 783 2519 felic
805 2451 896 2516 essct
917 2451 1049 2508 noudum
1070 2457 1096 2510 tc
1117 2453 1205 2511 turbu
1227 2453 1342 2512 deridet.

379 2601 443 2664 Eas
474 2619 669 2686 quamquam
701 2617 742 2659 nc
776 2595 882 2660 obiter
917 2596 1048 2682 quidem
1081 2597 1202 2683 legenti
1234 2597 1329 2683 longe
1357 2621 1376 2662 a
1404 2599 1521 2663 ceteris

377 2704 499 2768 distare
527 2701 702 2765 obscurum
731 2719 801 2761 esse
830 2707 953 2783 potest,
990 2698 1152 2764 editorum
1178 2712 1288 2765 tamen
1316 2701 1524 2785 neglegentia

377 2807 586 2884 factumest,
616 2811 652 2865 ut
680 2797 767 2864 haud
789 2820 912 2885 paucae
936 2802 1111 2866 etiamnum
1137 2825 1195 2890 pro
1222 2801 1417 2892 Publilianis
1445 2825 1522 2866 ven-

377 2907 531 2971 ditentur.
575 2904 737 2967 Nimirum
759 2921 825 2963 non
847 2923 957 2965 omnes
981 2901 1053 2968 illas
1077 2905 1119 2966 ad
1132 2903 1239 2990 ,fidem
1261 2904 1411 2969 codicum
1426 2905 1523 2968 eden-

378 3009 437 3072 das
461 3014 674 3087 curaverunt,
698 3002 756 3067 sed
779 2999 915 3068 selectas
938 3014 1080 3088 tantum,
1105 3029 1188 3092 quae
1210 3007 1328 3071 iambis
1351 3006 1447 3070 facile
1470 3007 1524 3070 vel

376 3109 537 3175 trochaeis
559 3104 796 3170 accommodari
811 3115 955 3189 possent,
972 3107 1169 3190 emendatae,
1187 3117 1225 3172 ut
1238 3109 1320 3196 ipsis
1336 3108 1522 3189 videbatur,

377 3210 523 3300 probatis
553 3209 702 3276 versibus
729 3213 945 3274 inseruerunt.
975 3211 1074 3274 'Cum
1095 3220 1203 3274 autem
1227 3210 1415 3297 plerumque
1438 3220 1522 3275 tace-

362 3321 461 3396 rent,
485 3312 565 3399 quid
587 3312 774 3377 omisissent
794 3310 1042 3379 addidissentve
1058 3323 1278 3399 quantumque
1292 3313 1403 3376 verbis
1419 3315 1524 3378 tran's·

378 3415 503 3504 positis¹
519 3413 573 3478 vel
596 3417 748 3480 correctis
764 3439 784 3480 a
799 3417 957 3483 librorum
978 3416 1171 3480 auctoritate
1193 3415 1361 3495 abiissent,
1385 3415 1524 3499 contigit

378 3540 475 3597 sane,
507 3525 544 3580 ut
571 3538 606 3580 se
634 3517 775 3582 invicem
807 3519 889 3584 alter
919 3516 1057 3581 alterum
1089 3516 1290 3603 aliquamdiu
1323 3515 1523 3604 deciperent,

377 3620 473 3685 simul
496 3641 606 3682 omncs
629 3618 809 3704 legentium
831 3620 932 3692 oculis
953 3618 1128 3706 plurimum
1144 3618 1292 3704 caliginis
1309 3618 1523 3683 offunderent.

379 3722 444 3788 Sed
472 3722 631 3785 maximas
660 3723 774 3788 turbas
796 3722 879 3787 illud
903 3721 1077 3803 excitavit,
1107 3721 1194 3808 quod
1218 3722 1451 3786 sententiarum
1473 3744 1523 3785 or-

372 3824 466 3905 dine,
490 3845 584 3910 quem
608 3824 737 3889 codices
760 3825 994 3911 sequuntur*),
1018 3822 1113 3909 plane
1135 3826 1265 3888 inverso
1288 3834 1434 3888 nostrum
1456 3846 1521 3887 mo·

379 3949 448 3990 rem
477 3925 580 3989 secuti
609 3926 863 4008 coniunxerunt,
898 3947 979 4012 quae
1007 3947 1027 3988 a
1053 3924 1172 3990 litteris
1202 3928 1269 4008 Na,
1298 3926 1364 4008 No,
1393 3925 1438 3988 Ni
1461 3935 1521 3988 etc.

380 4027 552 4114 incipiunt,
575 4048 681 4112 neque
704 4027 738 4092 id
760 4029 795 4092 in
816 4031 858 4094 iis
880 4038 1006 4092 tantum
1030 4028 1094 4093 sibi
1118 4037 1324 4114 sumpserunt
1339 4028 1521 4107 sententiis,

381 4129 421 4195 de
452 4129 570 4217 quibus
599 4151 687 4192 nnnc
712 4131 822 4215 agitur
849 4153 993 4217 quasque
1020 4153 1096 4195 mox
1119 4131 1304 4213 videbimus
1328 4129 1521 4194 subditicias

458 4288 583 4295 --d

448 4371 475 4438 *)
495 4373 612 4422 Constat
631 4387 663 4421 ex
676 4373 761 4423 Festo
779 4373 898 4437 aliisque
916 4376 1027 4425 veteres
1046 4373 1073 4422 in
1092 4373 1235 4424 vocabulis
1255 4374 1289 4424 ad
1307 4372 1460 4424 litterarum
1480 4387 1520 4422 or·

381 4457 471 4507 dinem
491 4457 649 4523 digerendis
668 4459 771 4524 primae
790 4463 894 4508 tantum
915 4459 1025 4508 litteras
1043 4461 1176 4508 rationem
1197 4459 1335 4510 babuisse.
