3014 5116
306 364 348 428 46
744 377 1018 426 monstrosam.

307 531 415 598 Simili
438 553 545 596 errore
567 530 691 595 Zellius
715 553 845 594 versum
868 531 924 594 ‘Ia
944 532 993 594 nil
1013 531 1164 612 sumendo
1186 532 1255 594 otto
1276 532 1444 594 actiacam

307 635 451 699 dissimo'
478 655 499 696 a
520 632 662 698 Publilio
686 645 728 696 ex
750 631 850 719 Soph.
873 633 977 696 Aiace
998 633 1062 696 554
1089 631 1127 695 ἐν
1149 635 1196 716 τῷ
1219 642 1369 715 φρονεῖν
1389 628 1445 714 γάρ

306 734 413 818 μηδὲν
432 732 566 818 ἥδιστος
580 737 653 817 βίος
666 735 863 815 traductum,
886 734 1006 798 rectius
1021 731 1125 797 Andr.
1143 731 1341 820 Spengclius
1357 734 1444 820 (Con-

307 838 424 901 iectan.
446 837 482 899 in
504 835 603 924 Soph.
626 845 710 921 trag.
733 834 884 900 Monach.
908 835 1002 901 1858.
1024 858 1080 921 pg.
1104 834 1134 898 9.
1159 836 1213 921 10)
1237 834 1443 900 subditicium
1493 886 1494 889 ,

308 960 378 1004 esse
406 937 549 1002 dixerat:
581 939 679 1002 immo
710 947 877 1024 receperat
899 937 1054 1018 Bothius,
1084 948 1120 1000 ut
1140 935 1262 1002 multos
1285 936 1385 1020 alios,
1412 959 1445 999 ex
1471 950 1472 954 ’

306 1039 438 1104 Erasmi
466 1039 619 1124 Adagiis.
665 1038 795 1120 Quibus
821 1050 971 1103 accurate
999 1040 1166 1126 perpensis
1194 1061 1260 1103 non
1289 1048 1342 1103 est
1370 1038 1445 1125 quod

306 1140 449 1228 aliquam
471 1144 707 1206 sententiarum
728 1151 853 1228 partem
875 1141 1111 1205 vetustioribus
1129 1140 1236 1227 poetis
1252 1141 1383 1205 Latinis
1398 1141 1444 1203 ad·

308 1245 501 1311 scribamus.

392 1347 426 1430 7)
449 1344 588 1430 Reliqua
615 1355 665 1409 est
693 1347 773 1409 satis
801 1344 926 1409 nodosa
959 1342 1006 1407 de
1038 1345 1262 1409 sententiis
1295 1345 1340 1408 in
1372 1343 1444 1408 solo

308 1447 449 1512 codice
471 1447 686 1529 'lutricensi
708 1449 885 1511 servatis
908 1446 1098 1533 disputatio,
1120 1469 1215 1532 quam
1231 1446 1383 1511 consulto
1397 1447 1444 1510 ad·

306 1550 370 1613 huc
392 1549 589 1631 distulimus,
611 1558 649 1613 ut
671 1550 699 1613 si
722 1549 801 1635 quid
824 1550 889 1612 iam
911 1557 1025 1613 nostra
1047 1547 1280 1633 disquisitione
1304 1549 1445 1612 effectum

307 1662 408 1734 esset,
441 1650 475 1714 id
503 1654 538 1715 in
567 1673 603 1714 re
625 1661 691 1715 tam
714 1650 852 1715 obscura
872 1649 999 1736 aliquid
1021 1648 1104 1713 lucis
1126 1650 1268 1714 afferret.
1316 1651 1445 1714 Centum

307 1755 407 1838 igitur
430 1762 462 1817 et
483 1775 602 1817 novem
624 1775 666 1815 ex
680 1751 736 1815 illo
752 1752 864 1816 codice
884 1753 1063 1816 sententias
1079 1751 1184 1816 edidit
1199 1751 1358 1835 Orellius,
1382 1774 1445 1815 con·
1474 1766 1498 1782 '⁴

306 1862 459 1940 gruentes
487 1853 568 1917 alias
597 1855 639 1917 ad
667 1853 804 1917 verbum
831 1854 901 1917 fere
928 1876 1001 1917 cum
1029 1852 1240 1936 Publilianis,
1270 1853 1355 1918 alias
1382 1852 1445 1940 plus
1497 1835 1498 1850 ¹

272 1940 273 1944 Ἰ
307 1958 457 2021 minusve
478 1956 666 2020 immutatas
682 1965 714 2018 et
736 1955 888 2020 resolutis
904 1977 1058 2018 versuum
1072 1955 1226 2039 numeris,
1250 1965 1287 2020 ut
1302 1958 1366 2019 vix
1380 1975 1446 2042 poe-

307 2068 373 2124 tam
401 2080 576 2142 agnoscas,
603 2057 685 2120 alias
714 2057 855 2143 denique
877 2055 974 2144 plane
996 2059 1141 2141 ignotas,
1170 2058 1290 2143 quibus
1307 2057 1358 2124 ,ad
1381 2079 1446 2140 sup·

306 2159 462 2247 piendum
484 2158 661 2222 Publilium
683 2181 761 2221 usus
784 2158 838 2223 vel
859 2160 966 2248 potius
989 2158 1110 2223 abusus
1132 2169 1192 2224 est.
1238 2159 1275 2223 Si
1298 2160 1396 2239 enim,
1417 2166 1448 2220 ut

256 2290 259 2296 ·
307 2261 496 2350 perhibent,
530 2260 748 2346 quadraginta
780 2270 845 2324 tres
879 2283 984 2326 nouae
1018 2265 1110 2345 sunt,
1144 2270 1246 2348 prope
1283 2260 1448 2324 dimidiam

308 2365 539 2428 sententiarum
568 2360 826 2426 Publilianarum
859 2374 986 2449 partem
1019 2363 1227 2427 intercidisse
1258 2361 1448 2426 concluden-

308 2467 385 2530 dum
408 2475 508 2548 esset,
532 2466 584 2528 sin
605 2473 714 2528 autem
736 2486 850 2528 verum
873 2475 933 2547 est,
957 2467 1043 2551 quod
1058 2466 1154 2531 modo
1177 2464 1334 2547 vidimus,
1360 2463 1449 2548 longe

306 2566 463 2655 plurimas
490 2576 630 2630 aetatem
654 2565 787 2648 tulisse,
813 2567 873 2629 vix
893 2576 1029 2653 possunt
1050 2555 1267 2653 quadraginta
1288 2575 1357 2629 tres
1380 2565 1449 2629 illas

306 2669 442 2734 Publilii
464 2691 544 2733 esse.
588 2669 640 2731 Ac
662 2667 703 2731 de
725 2678 857 2733 auctore
880 2669 1012 2754 quidem
1031 2670 1265 2733 sententiarum
1280 2667 1367 2731 nihil
1382 2691 1448 2756 pro·

307 2772 356 2836 dit
389 2771 495 2836 codex
526 2772 738 2857 inscriptione
767 2792 896 2854 carena,
933 2773 1062 2835 interna
1094 2780 1288 2856 argumenta
1315 2772 1450 2835 circum·

307 2875 459 2961 spicienti
486 2895 551 2936 non
579 2872 716 2937 dubium
744 2874 822 2956 erit,
858 2875 937 2959 quin
966 2873 1069 2960 multa
1097 2897 1117 2937 a
1146 2871 1289 2937 Publilio
1319 2896 1450 2959 prorsus

307 2976 517 3041 abhorreant:
547 2976 704 3038 octonarii
726 2974 871 3057 iambici,
895 2998 976 3061 quos
998 2977 1168 3041 constituit
1188 2973 1400 3039 Ribbeckius
1422 2997 1451 3037 v.

307 3079 369 3144 816
395 3087 427 3142 et
450 3078 527 3160 830,
557 3098 632 3138 cum
659 3086 788 3162 poetam
815 3079 952 3141 senariis
979 3087 1106 3142 tantum
1127 3087 1184 3142 aut
1206 3078 1368 3141 trimetris
1392 3072 1469 3142 tro·¹

307 3172 428 3244 chaicis
450 3201 544 3243 usum
568 3199 639 3241 esse
662 3188 804 3262 constet3
832 3181 1065 3244 sententiarum
1086 3179 1229 3244 ambitus
1251 3202 1317 3245 non
1341 3181 1451 3264 singu-

306 3281 411 3346 lorum
443 3302 597 3344 versuum
628 3280 748 3345 finibus
788 3282 1086 3369 circumscriptus,
1111 3282 1169 3346 sed
1201 3279 1380 3365 ampliatus
1413 3280 1453 3344 ad

274 3397 276 3400 ’
306 3382 439 3449 modum
459 3384 555 3447 unius
585 3405 699 3448 versus
722 3405 795 3447 cum
817 3384 971 3467 dimidio,
1000 3407 1032 3447 v.
1055 3385 1128 3449 818.
1151 3385 1214 3449 839
1236 3381 1351 3465 Ribb.;
1385 3406 1452 3470 par-

306 3484 406 3550 ticula
427 3487 512 3549 caim
529 3485 623 3550 initio
639 3506 754 3549 versus
769 3487 887 3572 posita,
911 3487 975 3550 830
988 3485 1088 3550 Ribb.
1133 3485 1239 3565 Quid!
1263 3478 1354 3571 quod
1371 3486 1453 3549 chri-

307 3581 445 3652 stianam
478 3586 575 3651 fidem
608 3589 740 3675 sapiunt
772 3589 913 3654 carnalis
945 3590 1101 3670 cupiditas
1133 3596 1165 3651 et
1195 3589 1343 3652 dominus
1379 3585 1452 3650 κατ’

307 3687 427 3774 ἐξοχὴν
453 3688 704 3773 intelligendus,
739 3698 870 3754 nostrae
893 3689 1047 3755 editionis
1070 3712 1102 3752 v.
1125 3689 1198 3753 669.
1221 3688 1294 3753 676.
1341 3687 1455 3769 Quare

307 3793 415 3855 omnia
443 3812 480 3854 eo
502 3790 676 3871 inclinant,
705 3801 742 3855 ut
764 3793 942 3854 sententias
954 3791 1160 3854 ‘Turicenses
1182 3799 1238 3854 aut
1261 3788 1391 3877 duplici
1414 3815 1455 3855 ex

305 3894 396 3958 fonte
418 3892 567 3976 haustas,
591 3903 662 3974 aut,
686 3894 716 3956 si
738 3916 848 3958 omnes
871 3894 1005 3958 fuerunt
1026 3892 1247 3975 Publilianae,
1273 3892 1358 3958 adeo
1386 3896 1455 3958 exi-

306 3997 473 4059 stimemus
496 4004 663 4082 corruptas
687 4004 718 4058 et
739 3994 952 4082 interpolatas
976 4017 1062 4077 esse,
1090 4007 1127 4060 ut
1149 3997 1190 4060 de
1212 3997 1253 4059 iis
1275 3997 1455 4062 restituen-

306 4097 357 4161 dis
374 4096 620 4185 desperandum
641 4097 695 4160 sit.
732 4124 734 4127 ·
1116 4096 1122 4107 ⁴

391 4201 441 4263 Ne
463 4222 516 4264 eos
540 4199 673 4285 quidem
690 4221 814 4282 versus,
838 4222 974 4287 quorum
994 4211 1134 4266 metrum
1153 4223 1268 4266 sanum
1289 4210 1349 4282 est,
1377 4222 1456 4267 cau·

307 4312 357 4366 tus
381 4301 486 4367 editor
507 4304 594 4366 inter
615 4299 817 4366 Publilianos
846 4304 990 4366 inserere
1012 4302 1115 4387 volet,
1146 4302 1204 4368 sed
1226 4301 1457 4368 Ribbeckium

306 4414 393 4477 recte
426 4404 543 4468 fecisse
572 4403 728 4488 arbitror,
760 4405 847 4491 quod
876 4428 930 4470 eos
961 4408 1136 4492 separatim
1168 4405 1286 4492 posuit.
1331 4406 1458 4472 Eidem
