3014 5116
258 339 295 402 18
687 349 960 402 esonaoonsm.

338 508 373 592 6)
397 506 531 572 Oodex
553 506 835 592 Frisingensis
859 507 919 594 (F)
942 506 1035 589 olim,
1065 529 1150 569 nunc
1171 507 1261 571 inter
1285 504 1405 570 latinos
1501 574 1507 599 ‹

252 609 466 674 Monacenses
494 631 526 670 n.
554 608 655 691 6292,
690 609 955 673 membranaceus
984 607 1105 672 sacculi
1134 607 1197 670 XI.
1227 608 1405 671 continens

253 733 328 775 curn
355 710 420 774 alia
426 759 435 793 ,
470 719 538 774 tum
567 732 608 773 ex
636 712 742 796 poetis
774 711 902 775 Latinis
936 718 1091 794 excerpta
1123 707 1265 797 ideoque
1301 719 1404 772 certa·

253 813 312 875 tim
334 834 354 875 a
375 810 550 899 philologis
574 821 606 874 et
628 809 778 876 laudatus
802 822 833 876 et
857 811 1052 897 descriptus.
1097 809 1404 892 011001006-
1455 842 1457 896 5

197 949 199 952 ·
253 923 347 998 trage
363 915 393 995 7,
417 937 450 1000 p.
465 913 540 996 257,
564 922 603 977 et*
619 913 743 978 nosad
760 911 1101 1000 (Pseud0)ancilinm
1118 911 1262 974 Balbum
1278 934 1337 998 pg.
1357 913 1403 975 ll.

200 1068 202 1085 .
253 1015 294 1078 10
315 1015 401 1079 huno
424 1013 580 1096 codicem,
603 1013 895 1102 locupletissimum
917 1015 1071 1096 omniurn,
1096 1014 1217 1100 quippe
1238 1013 1402 1099 quisolus
1455 1029 1456 1079 1

253 1117 433 1180 servaverit
455 1117 668 1202 posteriorem
690 1117 926 1181 sententiarum
948 1124 1073 1201 partem
1092 1113 1234 1199 (N—V)
1260 1123 1295 1177 et
1318 1117 1409 1200 prio-ff
1455 1144 1456 1150 ¹

253 1241 321 1282 rem
338 1228 468 1281 centum
483 1216 552 1279 fere
567 1218 717 1283 versibus
733 1229 873 1300 auctam,
897 1218 955 1282 scd
970 1215 1066 1280 titulo
1083 1225 1259 1299 carentem,
1277 1219 1402 1302 primus
1455 1280 1456 1283 ,

254 1320 371 1385 incidit
393 1320 438 1383 M.
462 1318 633 1401 Velsolus,
657 1342 720 1406 quo
743 1329 874 1384 auctore
897 1319 1061 1406 professor
1084 1317 1216 1404 quidam
1238 1317 1402 1403 Ingolsta·
1455 1327 1456 1332 ’

254 1423 377 1486 diensis
406 1419 584 1485 Publilium
613 1420 732 1506 Syrum
759 1444 843 1485 anno
876 1422 957 1486 1600
992 1420 1112 1501 edidit,
1148 1430 1184 1484 ut
1214 1420 1304 1484 infra
1334 1444 1402 1484 nar-

252 1524 388 1588 rabitur.
433 1522 496 1588 Sed
520 1523 559 1605 is,
583 1544 778 1609 quamquam
801 1522 936 1587 editoris
960 1544 1030 1586 esse
1045 1521 1187 1586 officinm
1204 1521 1295 1586 baud
1313 1523 1402 1606 igno·

252 1627 350 1709 ravit,
373 1626 439 1690 nisi
457 1625 583 1689 monito
606 1624 725 1688 lectore
746 1647 766 1687 a
788 1625 938 1708 vestigiis
953 1623 1030 1713 libri
1045 1646 1140 1686 mser.
1156 1646 1222 1685 non
1236 1623 1402 1705 recedere,

252 1737 379 1809 tamen,
407 1736 444 1791 nt
466 1749 537 1790 mos
560 1736 630 1790 erat
652 1724 885 1813 permultorum
908 1724 972 1789 illis
995 1725 1195 1811 temporibus
1219 1724 1402 1812 philologo·

252 1852 339 1910 rum,
362 1838 430 1893 tam
452 1827 554 1891 multa
576 1828 696 1909 omisit,
720 1839 788 1890 tam
810 1826 912 1891 multa
933 1828 1063 1891 inscitia
1085 1827 1169 1890 male
1191 1826 1403 1890 administra·
1455 1855 1456 1858 ¹

239 1932 313 2014 -vit,
335 1942 371 1994 ut
394 1952 456 2018 quo
478 1929 691 1994 fundamento
714 1929 829 1992 critico
851 1938 1016 2015 tamquam
1039 1930 1118 1993 satis
1140 1929 1233 1994 firmo
1252 1950 1290 1992 se
1306 1930 1403 1992 inniti

253 2034 358 2097 nostri
381 2030 503 2096 saeculi
526 2031 667 2095 editores
691 2031 816 2116 opinati
839 2040 929 2111 sunt,
952 2030 987 2093 id
1010 2031 1118 2117 potius
1141 2030 1402 2095 infirmissimum

178 2126 180 2129 ¹
253 2136 298 2198 sit
320 2132 583 2197 existimandum.
1071 2198 1072 2201 ,

337 2233 529 2300 Simillimus
552 2233 758 2318 Frisingensi
781 2244 830 2298 est
858 2235 891 2319 7)
916 2233 1043 2298 codex
1064 2233 1401 2299 Vindobonensis

252 2337 314 2402 368
339 2336 419 2422 (V),
444 2335 567 2401 saeculi
591 2335 654 2400 XI.
677 2338 723 2400 ita
745 2336 897 2417 mutilus,
925 2345 963 2400 ut
985 2336 1115 2399 deficiat
1138 2359 1169 2398 v.
1195 2336 1250 2399 121
1280 2337 1317 2398 in
1341 2337 1404 2400 fine

252 2437 382 2502 litterae
405 2437 442 2502 0.
487 2436 594 2502 Huius
623 2437 835 2524 apographon
860 2438 949 2524 typis
979 2437 1123 2501 exscribi
1145 2438 1241 2501 iussit
1265 2436 1403 2502 Carolus

253 2539 400 2607 Schenkl
418 2541 452 2604 in
468 2538 578 2605 libello
594 2541 769 2626 inscripto:
793 2539 947 2624 Beitrage
963 2562 1022 2602 zur
1037 2538 1153 2602 Kritik
1170 2537 1227 2602 dos
1242 2539 1403 2603 Annaeus

252 2642 388 2725 Seneca,
414 2642 505 2724 1864,
528 2665 582 2729 pg.
607 2642 658 2712 64.
703 2643 787 2706 Cum
810 2643 853 2705 sit
875 2642 904 2704 is
929 2663 1084 2705 versuum
1106 2642 1203 2721 ordo,
1226 2650 1262 2705 ut
1287 2663 1323 2704 se
1349 2664 1402 2705 ex-

252 2746 376 2831 cipiant
397 2766 430 2807 v.
456 2745 483 2807 1.
506 2744 537 2807 3.
560 2744 590 2808 5.
615 2746 644 2809 7.
668 2743 699 2808 9.
725 2793 731 2806 .
754 2780 764 2806 ι.
790 2794 797 2805 .
821 2744 852 2806 2.
875 2743 907 2806 4.
929 2743 960 2807 6.
983 2743 1013 2807 8.
1039 2743 1140 2806 10..
1166 2791 1191 2825 .,
1213 2753 1270 2806 aut
1293 2745 1404 2830 ipsum

253 2845 398 2911 codicem
425 2856 482 2909 aut
509 2843 619 2928 illurn,
648 2843 735 2908 unde
762 2843 1018 2908 Vindobonense
1045 2845 1264 2929 fragmentum
1293 2845 1403 2926 fluxit,

126 2969 130 2972 ·
252 2948 339 3012 binis
365 2946 523 3010 columnis
547 2947 704 3031 scriptum
727 2945 829 3008 fuisse
851 2944 1027 3030 colligitur.

341 3048 484 3113 Sclcctas
507 3057 633 3111 tantum
657 3046 846 3129 sententias,
870 3047 989 3133 quibus
1012 3048 1209 3135 praecedunt
1225 3046 1403 3112 Sallustius

252 3160 285 3215 et
307 3150 417 3214 Julius
432 3149 706 3235 Exsuperantius,
729 3147 818 3213 nullo
841 3150 1018 3234 praemisso
1041 3149 1136 3213 titulo
1159 3149 1257 3213 habet
1281 3149 1317 3233 8)
1340 3173 1403 3214 co-

252 3252 330 3316 dex
352 3252 566 3314 Parisinus
591 3249 658 3315 lat.
681 3250 782 3330 6085,
805 3250 1082 3333 membranaceus,
1105 3249 1227 3316 saeculi
1250 3250 1315 3315 XI.
1342 3251 1403 3338 (Ε)

252 3354 304 3418 01.
328 3352 494 3416 Dietschii
523 3351 713 3418 Sallustium
737 3352 842 3440 (Lips.
867 3352 964 3436 1859)
987 3352 1052 3417 vol.
1075 3352 1102 3416 I.
1119 3348 1180 3438 'pg
1203 3353 1233 3415 4.
1274 3352 1404 3417 Eadem

251 3457 403 3542 epitome,
427 3455 571 3542 praefixo
592 3454 687 3519 titulo
711 3454 890 3540 ‘Incipiunt
905 3455 1085 3519 sententiae
1101 3454 1255 3519 Senecae’
1279 3454 1405 3540 legitur

252 3563 284 3621 in
307 3558 422 3623 codice
444 3558 596 3623 Parisino
614 3557 706 3640 1919,
731 3578 815 3620 saec.
833 3555 928 3619 XIV.
951 3555 1008 3621 101.
1027 3557 1097 3639 148,
1121 3556 1300 3640 Augustini
1326 3580 1403 3622 con·
1480 3630 1481 3633 Ἴ

251 3657 451 3724 sessionibus
474 3658 634 3723 subnexa.
1125 3683 1128 3687 ·

336 3761 370 3847 9)
394 3761 531 3824 Codex
554 3746 874 3840 Bernensis'lOl,
898 3759 1163 3823 membranaceus
1181 3758 1304 3824 saeculi
1320 3761 1404 3824 XII.

252 3860 446 3926 ‘Proverbia
468 3860 626 3933 Seneche’
656 3858 794 3924 exhibet
817 3858 894 3924 inde
916 3881 936 3923 a
958 3859 1013 3925 fol.
1040 3862 1055 3924 1
1078 3861 1245 3947 usquead
1267 3860 1326 3926 101.
1354 3864 1404 3926 11.

251 3962 357 4027 Huius
380 3959 457 4024 libri
479 3972 516 4026 ut
537 3964 699 4048 integram
720 3962 911 4026 adnotarem
934 3963 1200 4048 discrepantiam,
1222 3963 1405 4050 impetrare

249 4089 269 4129 a
297 4087 348 4128 me
377 4085 441 4128 non
472 4065 581 4150 potui,
619 4074 793 4151 propterea
825 4065 911 4150 quod
939 4087 976 4128 eo
1004 4065 1038 4127 in
1067 4063 1240 4133 nonnullis·
1264 4065 1405 4150 quidem

229 4167 328 4231 locis
352 4168 548 4253 optimorum
570 4166 718 4231 codicum
741 4168 966 4231 auctoritatem
990 4166 1173 4229 confirmari
1195 4165 1285 4249 vidi,
1305 4166 1406 4253 longe

249 4267 389 4354 plurima
412 4290 501 4350 vero,
525 4278 646 4355 quanto
670 4291 767 4354 opere
789 4268 844 4332 illo
860 4269 925 4331 iam
941 4266 1070 4332 saeculo
1090 4268 1272 4332 sententiae
1288 4269 1404 4335 Publi-

249 4362 355 4434 lianae
376 4371 550 4458 depravari
573 4382 604 4433 et
626 4370 815 4456 interpolari
832 4378 966 4455 coeptae
982 4371 1059 4451 sint,
1082 4378 1195 4456 aperte
1210 4371 1405 4435 ostendunt.
