3282 5282
358 449 419 514 134
751 461 971 514 suassaius
994 461 1106 514 aneso

439 616 539 684 Tanti
566 617 661 683 homo
684 624 734 682 est
756 616 827 680 sine
849 616 970 700 amieo,
1001 619 1116 703 quanti
1142 639 1260 706 eorpus
1285 619 1411 708 absque
1439 624 1517 710 spi-

764 718 829 784 ritu
853 726 912 782 est.
1379 717 1382 722 ’

439 820 557 886 Telum
578 819 660 886 fides
682 821 861 888 maioribus
883 821 1005 886 nostris
1028 822 1219 887 maximum.

355 931 416 992 365
439 923 590 989 Timidus
613 931 710 988 vocat
732 943 768 987 se
790 931 932 1006 cautum,
955 943 1091 1009 pereum
1113 923 1277 989 sordidus.

440 1025 607 1114 Torquere
629 1047 746 1114 eorpus
770 1033 864 1090 extra
885 1033 1037 1088 naturam
1059 1033 1109 1090 est
1132 1048 1236 1092 suum.

439 1128 560 1216 Turpis
584 1128 695 1215 inopia
718 1135 778 1211 est,
802 1147 884 1214 quae
907 1128 1051 1192 nascitur
1072 1127 1252 1214 de'gloria.

441 1229 527 1294 Tuta
550 1240 600 1295 est
621 1231 758 1312 iaetura,
782 1250 865 1316 quae
887 1228 924 1294 fit
945 1227 1162 1315 neglegentia.

436 1330 524 1398 Tuta
545 1353 653 1420 saepe,
675 1353 853 1419 numquam
876 1352 991 1396 secura
1012 1330 1098 1396 mala
1120 1333 1320 1398 eonscientia
1342 1345 1402 1399 est.

357 1442 420 1503 370
442 1433 623 1500 Tutissima
648 1454 700 1498 res
723 1443 773 1498 est
795 1435 909 1499 timere
930 1432 978 1497 nil
1000 1442 1130 1520 praeter
1152 1433 1260 1499 deum.

438 1535 613 1623 Tyrannus
635 1558 655 1601 a
676 1557 754 1621 rege
776 1533 878 1599 distat
900 1532 1008 1618 factis,
1031 1557 1097 1600 non
1118 1535 1259 1601 nomine.

439 1637 508 1704 Ubi
530 1637 707 1703 discrimen
728 1638 814 1703 inter
835 1636 937 1702 bonos
961 1636 1127 1725 malosque
1150 1635 1312 1704 sublatum
1335 1647 1402 1722 est,
1426 1661 1511 1705 oon-

762 1738 848 1804 fusio
871 1737 1018 1826 sequitur
1040 1749 1073 1804 et
1095 1740 1251 1805 vitiorum
1273 1741 1410 1827 emptio.

439 1841 508 1908 Ubi
529 1842 671 1906 maxime
692 1840 866 1928 gaudebis,
888 1849 1013 1906 metues
1035 1842 1188 1906 maxime.

763 2044 883 2110 desunt
900 2094 906 2108 .

356 2155 416 2216 375
441 2149 509 2214 Ubi
530 2149 653 2214 usitata
673 2149 818 2212 remedia
839 2047 904 2212 nod
926 2148 1118 2236 procedunt,
1142 2156 1234 2213 tenta
1256 2151 1428 2215 contraria.

441 2249 537 2315 Velle
558 2249 680 2314 bonum
702 2250 774 2315 fieri
794 2271 914 2335 magna
936 2272 1012 2337 pars
1036 2259 1086 2316 est
1107 2250 1276 2316 bonitatis.

441 2350 549 2417 Velox
571 2350 745 2418 eonsilium
766 2351 912 2439 sequitur
934 2353 1144 2441 paenitentia.

442 2454 506 2519 Vel
528 2452 727 2540 strangulari
749 2453 884 2541 pulchro
907 2453 950 2518 de
972 2453 1061 2542 ligno
1084 2456 1186 2520 iuvat.

442 2556 549 2624 Venia
571 2565 621 2622 est
642 2577 766 2645 poenae
788 2555 921 2621 debitae
943 2556 1101 2624 remissio.

325 2649 328 2654 ¹
359 2667 421 2728 380
442 2659 519 2725 Vile
540 2657 588 2724 nil
610 2657 705 2723 decet
726 2679 842 2724 sonare
864 2659 899 2724 in
920 2660 1137 2726 maximorum
1160 2660 1323 2728 laudibus.

442 2761 523 2826 Veri
546 2760 624 2826 boni
648 2768 698 2826 est
721 2761 801 2850 pati,
825 2760 1021 2826 nonfacere
1043 2762 1207 2828 iniuriam.

443 2864 570 2947 Virtus,
595 2885 692 2951 quam
713 2864 893 2928 necessitas
916 2865 1050 2947 excutit,
1074 2867 1231 2930 acerrima
1253 2876 1312 2932 est.

438 2966 576 3031 ‚Virtute
597 2964 743 3030 abundat
765 2964 879 3049 multa,
903 2966 959 3053 qui
981 2964 1120 3031 alienam
1142 2977 1238 3034 amat.

445 3067 504 3131 Vis
526 3077 623 3132 notus
646 3067 794 3133 omnibus
818 3066 916 3133 esse?
939 3066 1065 3132 nullum
1086 3071 1229 3135 noveris.

361 3175 422 3234 385
444 3167 573 3234 Vitium
598 3168 673 3250 fuit,
696 3191 783 3234 nuno
804 3192 874 3236 mos
898 3178 947 3235 est
967 3169 1163 3238 adsentatio.

363 3480 425 3538 363
450 3480 491 3537 Gr
506 3480 534 3538 2.
552 3480 626 3540 Coeo.
643 3481 714 3539 Balb.
731 3481 802 3541 Mon.
822 3482 872 3557 15,
890 3484 919 3557 8,
935 3501 982 3559 pg.
1001 3484 1040 3542 25
1158 3486 1220 3545 364
1244 3486 1419 3546 arataeo.
1437 3489 1511 3548 Balh.

360 3565 441 3627 Mon.
459 3564 495 3638 4,
512 3566 547 3640 2,
567 3585 614 3644 pg.
631 3567 669 3626 21
778 3567 839 3626 365
862 3570 898 3627 Ε.
915 3568 953 3626 61.
971 3587 1050 3646 supra
1065 3589 1113 3646 pg.
1137 3571 1207 3645 109,
1225 3572 1285 3630 116
1389 3575 1451 3632 366
1474 3577 1513 3638 F.

360 3651 425 3708 Sen.
443 3653 523 3726 epist.
540 3651 576 3726 5,
592 3651 611 3709 4
712 3653 773 3711 367
796 3654 846 3711 Pa.
862 3654 937 3712 Gaea.
954 3654 1024 3712 Balb.
1041 3656 1100 3713 Par.
1117 3656 1170 3728 44,
1184 3676 1230 3734 pg.
1247 3657 1299 3730 41,
1315 3660 1349 3716 de
1363 3663 1432 3733 pulo
1448 3661 1512 3716 cod.

360 3737 444 3794 Paris.
460 3735 543 3795 8027
655 3738 715 3796 368
740 3739 789 3796 Gr.
808 3738 939 3798 expelat.
956 3735 1030 3818 tuta]
1047 3747 1141 3817 turpis
1156 3742 1220 3799 Seu.
1237 3744 1317 3817 epist.
1335 3744 1363 3816 1,
1382 3744 1397 3799 1

360 3822 421 3880 369
445 3823 495 3878 Gr.
512 3821 548 3878 De
564 3839 632 3880 mor.
649 3823 766 3881 655511.
784 3824 844 3881 Seu.
861 3826 940 3900 epist.
958 3825 1030 3898 105,
1046 3827 1065 3884 8
1174 3827 1236 3886 370
1258 3829 1292 3884 F.
1309 3828 1347 3884 61.
1365 3845 1445 3904 supra
1462 3848 1512 3904 pg.

363 3895 1635 3985 mmsffimmamam1mmmam.‘

364 3990 484 4064 1,2,2
591 3992 651 4050 373
677 3995 725 4051 Gr.
742 4011 774 4051 ex
789 3993 850 4051 eod.
866 3995 949 4052 Pelet.
966 3994 1029 4052 Seu.
1045 3997 1078 4053 de
1096 3997 1134 4053 ire
1151 3997 1180 4071 2,
1197 3998 1283 4070 31,5
1387 3998 1448 4056 374
1472 4002 1512 4060 R.

361 4076 424 4136 Seu.
441 4075 474 4132 de
488 4076 527 4131 ire
543 4075 573 4149 2,
590 4076 641 4148 31,
657 4078 687 4150 5,
703 4095 735 4135 ex
752 4096 806 4153 quo
822 4079 937 4138 alterum
953 4082 1003 4138 tibi
1016 4081 1069 4138 del.
1149 4083 1210 4141 375
1233 4085 1287 4140 Pa.
1305 4082 1367 4140 Seu.
1384 4084 1514 4143 declam.

364 4162 399 4234 1,
416 4160 452 4234 3,
469 4160 487 4218 6
596 4161 657 4220 376
680 4163 711 4233 Q.
729 4163 792 4220 Sen.
814 4167 894 4239 epist.
917 4164 974 4239 34,
991 4165 1010 4224 3
1125 4167 1185 4226 377
1208 4170 1257 4226 Pa.
1274 4168 1348 4225 6555.
1364 4169 1436 4226 balb.
1452 4171 1516 4229 Par.

363 4245 413 4319 55,
429 4262 475 4321 pg.
492 4245 531 4302 41
646 4247 706 4305 378
730 4249 783 4304 Bo.
800 4249 938 4325 aristoph.
955 4250 1020 4307 Rau.
1036 4270 1060 4307 v.
1078 4252 1139 4311 736
1248 4253 1308 4312 379
1333 4253 1383 4312 Go.
1399 4254 1463 4312 San.
1478 4257 1516 4314 de

362 4330 567 4404 mam
641 4332 759 4393 ma
839 4334 1296 4396 mammmmffi
1373 4339 1633 4416 mm.3

363 4414 424 4472 Seu.
441 4415 475 4472 de
489 4414 567 4473 olem.
587 4418 620 4490 1,
639 4417 694 4490 12,
711 4417 729 4474 5
746 4422 881 4478 eatundit
993 4421 1054 4480 383
1077 4424 1111 4480 F.
1128 4422 1166 4478 61.
1183 4441 1230 4498 pg.
1249 4423 1318 4495 107,
1337 4424 1399 4484 110

364 4498 425 4557 384
447 4501 483 4562 F.
499 4500 538 4558 61.
553 4519 601 4578 pg.
618 4502 696 4577 111,
708 4503 765 4562 131
869 4504 929 4564 385
954 4505 989 4563 F.
1006 4506 1044 4563 61.
1061 4525 1108 4584 pg.
1129 4509 1201 4582 111,
1218 4509 1278 4568 135
