3014 5116
509 361 783 455 pannosorum.
1108 408 1112 417 “
1179 393 1219 459 5Ἱ

134 647 136 651 ¹
160 550 323 647 Sequente
345 568 542 629 consonante
563 581 601 625 us
623 561 683 645 (α’)
708 561 828 647 corripi
850 582 958 646 posse,
987 583 1070 647 quae
1093 571 1142 626 est
1164 584 1219 626 an-

39 719 44 726 .
69 665 252 750 tiq'uiorum
274 670 442 749 poetarum
464 661 612 744 licentia,
641 684 755 749 parum
779 660 935 727 credibile
959 672 1024 745 cst,
1054 685 1126 726 cum
1148 685 1220 750 pcr-

70 752 330 853 pauci‘versus,
359 764 394 827 in
416 763 535 848 quibus
563 763 597 827 id
620 763 744 827 factum
771 786 843 828 esse
865 764 1013 848 videtur,
1043 764 1220 828 lenissimis
1248 762 1251 770 '

71 865 228 929 remediis
264 865 372 928 sanari
401 865 536 950 possint.
582 863 639 928 Of:
655 887 693 926 ·v.
722 866 794 930 387.
826 867 898 943 632.
943 866 1059 953 Itaque
1087 865 1222 930 videtur

70 965 253 1048 Publilius,
282 965 323 1030 ob
345 987 527 1030 sermonem
556 967 766 1052 purissimum
794 977 884 1032 tanto
907 989 1003 1054 opere
1026 967 1220 1050 celebratus,

71 1072 110 1133 in
132 1079 202 1133 arte
226 1069 355 1155 quoque
377 1067 622 1155 pangendorum
643 1089 796 1132 versuum
820 1071 952 1155 propior
975 1091 1045 1134 esse
1061 1068 1240 1154 Vergilio,⁴

72 1195 173 1259 quam
188 1170 303 1234 Plauto
327 1178 359 1233 et
381 1170 533 1266 Lucretio
556 1192 693 1256 quoque,
717 1180 753 1234 ut
775 1193 907 1234 versum
922 1171 983 1235 638
1001 1173 1133 1256 (yroo'i')
1157 1194 1238 1254 non-

60 1271 259 1362 'profeotum
282 1293 352 1335 esse
374 1294 393 1334 a
415 1269 556 1335 Publilio
580 1293 638 1357 pro
662 1280 750 1336 certo
772 1271 929 1335 affirmari
951 1274 1066 1359 possit.
1085 1299 1093 1313 ··

161 1373 321 1454 Quintum
343 1375 543 1438 senariorum
565 1373 682 1460 pedem
697 1395 769 1437 raro
784 1374 960 1437 admodum
976 1383 1124 1439 constare
1140 1375 1220 1437 iam-

72 1479 119 1544 bo
147 1499 227 1562 puro
260 1497 313 1540 res
342 1484 390 1539 est
423 1476 605 1540 notissima.
650 1475 906 1540 Excusationem
944 1475 1074 1562 quidem
1103 1475 1224 1538 habent

72 1577 236 1644 vocabula
264 1577 406 1663 quinque
434 1576 488 1640 vel
515 1599 575 1641 sex
591 1570 813 1664 syllabarum,
842 1599 893 1640 ex.
917 1599 967 1662 gr.
991 1600 1023 1640 v.
1046 1577 1089 1641 34
1109 1578 1222 1642 solliei-
1316 1662 1319 1668 Ι

72 1679 220 1759 tudinis,
244 1702 276 1741 v.
306 1680 345 1743 77
374 1681 607 1758 misericordiu;
641 1677 700 1743 sed
727 1688 815 1742 recte
843 1681 976 1765 pessimi
1004 1700 1119 1742 versus
1151 1699 1223 1741 esse

72 1784 280 1864 iudicantur,
315 1803 387 1845 cum
422 1782 572 1867 quintum
599 1790 630 1845 et
658 1790 788 1845 sextum
821 1780 938 1867 pedem
972 1780 1036 1845 duo
1064 1778 1223 1843 vocabula

72 1882 240 1970 bisyllaba
263 1893 431 1969 occupant.
477 1882 588 1963 Quare
610 1882 690 1946 ferri
712 1880 799 1947 nullo
821 1882 918 1947 modo
940 1883 1048 1968 potuit
1070 1903 1101 1945 v.
1128 1882 1185 1946 10:

365 2040 463 2100 Amici
484 2043 555 2100 odiu
577 2045 603 2100 si
624 2041 713 2112 ferus
734 2041 809 2113 facis
830 2046 899 2109 tou,-

73 2189 137 2254 sed
169 2187 391 2275 adstipulante
424 2188 536 2275 codice
564 2188 739 2260 Basiliensi
774 2186 983 2252 scribendum
1016 2186 1079 2250 fuit
1109 2187 1222 2268 socios.

74 2291 304 2377 Suspicionem
332 2290 485 2354 movebat
507 2289 559 2352 vel
581 2312 601 2352 a
622 2300 726 2354 metro
749 2312 781 2354 V.
804 2290 867 2354 536
891 2340 897 2353 .
923 2339 929 2353 .
954 2340 961 2353 .
985 2291 1081 2354 (lutor
1097 2291 1224 2371 probis;

73 2393 244 2486 reicienda
266 2393 330 2456 fuit
353 2414 385 2455 v.
409 2392 471 2456 322
495 2393 694 2466 coniectura:

218 2551 323 2609 Minos
345 2555 385 2608 est
407 2570 495 2623 quaro
516 2570 616 2609 seruas
638 2552 782 2618 dominae,
805 2553 856 2623 qui
876 2568 945 2609 suos
967 2551 1053 2608 timet.

72 2698 119 2762 V.
143 2698 203 2763 307
228 2697 250 2782 (.
275 2747 282 2760 .
307 2747 313 2761 .
336 2673 428 2779 tyois·
442 2698 572 2782 potest).
586 2699 736 2782 quintum
762 2696 879 2783 pedem
908 2696 1071 2782 spondeus
1099 2694 1221 2781 explet,

72 2813 114 2864 ut
137 2799 232 2865 modo
255 2798 409 2880 vidimus,
432 2821 498 2862 non
520 2797 660 2862 iambus
705 2798 863 2884 Adeoque
878 2796 1040 2862 Publilius
1062 2800 1096 2860 in
1112 2799 1225 2883 quinta

75 2901 156 2966 sede
178 2898 338 2965 vocabula
359 2900 499 2964 iambica
522 2902 672 2981 evitavit,
695 2909 732 2964 ut
754 2922 786 2963 v.
801 2900 876 2983 584,
901 2921 995 2986 quem
1017 2898 1149 2986 plurimi
1164 2919 1222 2984 pro

75 3005 207 3069 senario
223 3001 355 3083 habent,
378 3001 529 3066 maluerit
545 3003 807 3084 scribereposstt,
832 3024 929 3088 quam
945 3001 1032 3087 quod
1048 2999 1103 3063 lex
1118 3021 1224 3084 gram·
1298 3078 1302 3093 „

74 3105 198 3168 matica
219 3102 416 3192 postulabat,
434 3109 543 3186 potest.
588 3102 693 3168 Multa
714 3104 749 3166 in
770 3113 941 3189 utramque
963 3113 1090 3190 partem
1113 3101 1225 3187 dispu-

74 3208 143 3270 tari
164 3227 259 3293 posse
281 3205 323 3268 de
346 3206 531 3269 coniectura
552 3215 664 3270 nostra
686 3205 728 3269 ad
751 3228 784 3268 v.
807 3204 868 3270 651
892 3204 1018 3291 prolata
1080 3219 1087 3234 ⁸

352 3363 414 3422 Vua
437 3366 505 3422 boui
526 3370 567 3422 est
588 3367 696 3423 nescire
713 3366 862 3443 ¹iniurium
878 3366 955 3437 pati,

76 3513 145 3599 ipsi
166 3513 343 3575 amicorum
358 3509 636 3575 admonitionibus
653 3513 781 3596 experti
798 3532 917 3573 sumus.
956 3509 1022 3574 Sed
1038 3508 1226 3594 scrupulum

76 3612 298 3678 iniectumde
320 3612 428 3676 iambo
452 3613 486 3675 in
507 3612 591 3700 pede
615 3614 727 3699 quinto
750 3610 893 3676 admisso
917 3612 1033 3674 eximit
1055 3632 1087 3672 v.
1110 3608 1173 3674 592

325 3771 416 3845 Saepe
437 3773 610 3847 iquosceudo
633 3772 831 3830 testatione
853 3771 954 3836 assuat,

75 3920 271 4004 praesertim
290 3939 367 3990 >cum
387 3940 453 3982 non
475 3921 518 3983 sit
540 3918 734 3983 vocabulum
755 3914 971 4003 bisyllabum,
1002 3915 1089 4002 quod
1112 3914 1224 3985 sedem

79 4021 228 4106 quintam
256 4019 398 4102 obtinet;
429 4041 489 4083 nec
516 4020 618 4083 firmis
647 4021 848 4104 argumentis
871 4019 979 4082 evinci
1001 4025 1123 4104 potest,
1153 4037 1226 4078 eum
1258 4032 1264 4047 ³

80 4122 139 4206 qui
160 4122 285 4184 nesciat
307 4122 460 4186 iniuriam
482 4122 562 4206 pati,
586 4122 769 4186 necessario
793 4119 860 4184 dici
882 4122 988 4184 otram
1007 4120 1127 4199 fortem.
1174 4114 1225 4180 Of.
1332 4146 1337 4150 ·

80 4221 157 4287 Sen.
181 4221 222 4284 de
244 4222 373 4309 provid.
399 4223 427 4303 1,
450 4224 479 4286 5.
504 4223 534 4286 6.
558 4222 589 4303 2,
616 4223 642 4283 l.
666 4223 696 4284 4.
720 4222 750 4286 6.
776 4223 805 4316 9⁴.
828 4223 859 4304 3,
885 4224 979 4284 lete.
1024 4218 1226 4283 Sententiam

80 4322 169 4409 quod
196 4324 330 4408 attinet,
359 4325 542 4410 promptior
570 4336 647 4387 sane
676 4333 726 4386 est
754 4322 929 4410 explicatio
955 4320 1119 4385 hominem
1141 4319 1225 4382 chri-

77 4426 223 4489 stianum
252 4426 434 4490 correxisse
461 4428 619 4491 iniurium
645 4426 762 4505 fucere,
792 4446 888 4513 quam
917 4421 1088 4494 librarium
1108 4422 1226 4488 >nescio
