3044 5124
310 1135 467 1252 Septem
498 1139 725 1252 Sapientem
756 1141 967 1229 sententiae

387 1324 527 1408 septenis
549 1323 693 1388 versibus
716 1325 891 1409 explicatae

514 1459 565 1528 [ab
587 1459 762 1530 Ausonic].

456 1611 487 1677 1.
520 1611 607 1678 Bias
627 1611 817 1678 Prieneus.

148 1747 321 1828 Quaenam
343 1769 469 1811 summa
490 1747 592 1813 boni?
614 1769 705 1812 mens
729 1771 858 1836 semper
879 1750 1009 1814 conscia
1030 1750 1123 1813 recti.

145 1850 311 1914 Pernicies
335 1849 458 1915 homini
480 1871 563 1936 qnae
585 1849 752 1914 maxima?
781 1851 868 1916 solus
887 1833 986 1916 'homo
1009 1850 1102 1915 alter.

148 1950 231 2031 Quis
255 1950 372 2015 dives?
401 1953 458 2038 qui
480 1950 527 2015 nil
550 1953 669 2038 cupiet.
715 1951 798 2033 Quis
821 1953 971 2041 pauper?
1000 1974 1130 2017 avarus.

148 2052 242 2133 Quae
265 2053 323 2116 dos
347 2055 503 2118 matronis
526 2051 769 2140 pulcherrima?
790 2055 860 2119 vita
881 2055 1011 2142 pudica.

146 2154 240 2235 Quae
263 2165 352 2218 casta
374 2154 448 2219 est?
471 2154 512 2218 de
535 2177 600 2241 qua
621 2157 753 2220 mentiri
776 2155 864 2220 fama
885 2165 1027 2239 veretur.

147 2256 246 2337 Quod
268 2257 437 2343 prudentis
460 2257 566 2345 opus?
589 2280 662 2322 cum
685 2260 801 2344 possis,
824 2257 910 2323 nolle
932 2280 1059 2324 nocere.

146 2356 237 2438 Quid
260 2358 352 2423 stulti
374 2358 566 2446 proprium?
588 2379 655 2423 non
669 2381 773 2445 posse
796 2368 828 2425 et
850 2358 936 2423 velle
958 2381 1086 2425 nocere.

256 2561 261 2571 ¹
382 2545 414 2610 2.
446 2545 615 2612 Pittacus
636 2545 887 2627 Mitylenaeus.

146 2674 254 2767 Loqui
276 2681 454 2765 ignorabit,
477 2682 534 2767 qui
556 2690 664 2745 tacere
686 2682 821 2746 nesciet.

147 2782 238 2848 Bc'no
260 2782 394 2870 probari
414 2781 511 2865 malo,
535 2805 630 2870 quam
652 2782 771 2855 multis,
786 2783 891 2848 malis.

146 2963 343 3018 Adnotctio
367 2965 424 3016 cri
429 2968 440 3016 l
446 2964 457 3016 i
462 2977 512 3017 cc.
557 2961 635 3016 P=
647 2963 742 3019 ccdccc'
752 2961 907 3019 Parisinus
920 2962 949 3018 S.
960 2963 1055 3022 Germ.
1066 2964 1117 3019 lat.
1126 2961 1207 3019 1044

58 3063 138 3103 saec.
156 3046 215 3115 ΧΙ,
239 3046 267 3099 Β
281 3069 322 3090 =
338 3047 434 3102 codex
449 3046 623 3103 Basilicasis
643 3050 715 3120 sipn.
732 3048 769 3103 B.
786 3048 823 3102 X.
840 3046 895 3113 35,
912 3063 989 3104 saec.
1005 3046 1099 3118 XIII,
1112 3047 1153 3103 vM
1163 3071 1206 3094 =

60 3134 125 3188 ced.
140 3132 364 3204 Bamberpensis
379 3129 443 3202 (aid.
454 3131 567 3205 Prolep.
581 3149 630 3204 pp.
644 3130 695 3203 19)
710 3134 876 3204 descriptus
891 3151 909 3189 a
923 3133 1060 3190 Gulielmo
1071 3131 1207 3206 Meycrc:

59 3220 83 3271 Α
99 3240 142 3262 =
159 3216 201 3271 ed
217 3217 336 3272 Ausonii
357 3218 429 3271 crini
445 3215 544 3287 1730,
568 3216 704 3274 0=10.
722 3216 807 3274 Conr.
827 3217 952 3274 Orellius
971 3221 1000 3275 ia
1016 3233 1117 3288 opusc.
1134 3223 1206 3274 sent.

60 3309 87 3357 ct
102 3303 206 3359 morai.
224 3302 252 3372 1,
271 3300 329 3356 197
346 3317 388 3373 sq.
404 3352 406 3356 ,
476 3300 585 3374 Septem
602 3301 727 3357 Graeciae
743 3302 900 3375 Sapientum
915 3303 1066 3358 sententiae
1085 3302 1106 3358 0

61 3386 182 3460 septenis
197 3384 319 3441 versibus
335 3385 483 3458 explicatae
499 3385 601 3457 ΒΜΟ,
617 3389 674 3442 nisi
687 3387 764 3458 quod
778 3386 806 3440 B
819 3385 922 3441 verbis:
944 3405 996 3443 om.
1011 3387 1051 3449 P;
1072 3385 1104 3441 ab
1120 3386 1206 3442 Auso·

61 3472 106 3535 nic
127 3473 172 3527 cet
193 3473 295 3526 similia
317 3471 427 3526 addunt
448 3472 580 3527 ediicres.
625 3470 845 3544 Subseqauntur
866 3475 895 3527 in
917 3471 991 3526 BM:
1021 3470 1144 3544 lpscrnm
1165 3478 1208 3526 est

62 3555 235 3611 observatum
250 3554 300 3627 (ita
317 3555 353 3624 Β,
370 3555 428 3628 ipse
444 3562 487 3610 est
501 3555 597 3611 medus
612 3554 667 3627 M),
684 3563 714 3611 ut
729 3554 784 3611 bini
800 3554 886 3611 ultimi
901 3571 996 3610 versus
1011 3571 1060 3628 per
1075 3555 1208 3610 antitheta

63 3637 200 3696 liniantur.
289 3641 305 3695 1
329 3640 388 3694 Bias
403 3634 547 3716 Prieneus]
563 3648 676 3714 pytacus
691 3639 835 3696 niclitenus
851 3640 885 3695 M
967 3642 995 3712 1,
1013 3641 1029 3695 1
1046 3638 1110 3700 boni
1125 3647 1167 3695 est
1182 3641 1209 3695 P

146 3740 254 3798 semper
267 3724 369 3780 PBM:
392 3741 460 3797 quae
475 3723 527 3780 sibi
541 3725 601 3781 AO.
640 3726 787 3782 Walterus
802 3727 941 3782 Burteius
956 3726 991 3781 de
1006 3728 1063 3781 cita
1079 3730 1107 3781 et
1121 3728 1205 3781 mori·

61 3811 112 3866 bus
129 3810 369 3882 philosophorum
390 3825 413 3865 s.
434 3827 458 3866 v.
480 3811 570 3866 Bias:
594 3808 793 3884 ‘Interrogatus
813 3811 870 3865 Bias
892 3809 956 3886 quid
977 3811 1014 3865 sit
1033 3811 1061 3866 in
1083 3810 1132 3865 hac
1152 3810 1206 3864 vita
1309 3866 1312 3873 ,

62 3896 202 3969 optimum,
218 3895 270 3965 ait,
287 3894 360 3950 Mens
376 3893 426 3949 sihi
441 3892 528 3950 bonae
544 3893 713 3951 rectitudinis
729 3893 858 3951 censcia'.
960 3895 989 3967 1,
1007 3893 1025 3950 2
1041 3894 1158 3963 heminis
1174 3892 1209 3948 M

147 3979 176 4051 1,
193 3980 212 4036 3
235 3980 327 4053 cupiet
341 3979 441 4034 PBM:
463 3979 553 4053 cupiat
567 3980 627 4036 ΑΟ.
660 3980 704 4053 Cf.
723 3980 789 4037 Sea.
806 3984 888 4052 epist.
905 3981 935 4052 2,
952 3981 969 4037 6
1058 3979 1093 4050 1,
1109 3977 1128 4035 4
1151 3995 1206 4034 ma·

64 4065 147 4120 tronis
163 4064 231 4119 PB.-
253 4072 391 4120 matronae
406 4063 488 4119 MAO
576 4065 604 4135 1,
621 4063 639 4121 5
663 4072 706 4121 est
721 4082 773 4122 cm.
790 4065 818 4121 B
906 4065 934 4136 1,
952 4066 969 4122 6
994 4062 1067 4138 quod
1082 4064 1123 4120 P.-
1139 4061 1204 4136 quid

61 4148 172 4205 BMAO
257 4148 402 4222 pcssisP:
424 4148 637 4222 possitBMAO
1201 4157 1206 4165 ‘

9 4292 15 4300 ,
146 4233 164 4289 2
188 4235 391 4307 espencaeus,
414 4232 441 4305 (τ’.
460 4250 483 4290 e.
500 4234 573 4291 Bias
587 4232 739 4306 Prieneus)
755 4234 802 4305 M,
819 4234 859 4307 cf.
877 4236 917 4291 ad
932 4234 947 4290 1
1037 4232 1071 4304 2,
1090 4234 1103 4288 1
1129 4232 1206 4306 loqui

59 4334 115 4373 ncn
131 4317 222 4374 licebit
239 4319 267 4373 B
353 4313 413 4396 qui]
431 4318 532 4376 cumi)
606 4319 708 4375 neseiat
723 4319 757 4375 P.
795 4320 880 4376 Watt.
898 4320 981 4376 Bcrl.
998 4335 1021 4377 s.
1039 4336 1063 4374 v.
1081 4318 1202 4392 Pptlrcp.

60 4399 160 4476 ‘toqui
175 4404 296 4478 ignerat,
313 4405 359 4477 qui
376 4411 464 4461 tacere
479 4402 589 4478 nescit'‚
605 4403 676 4460 haud
692 4402 817 4476 absurde,
829 4421 891 4460 cum
905 4403 1072 4478 Pythagoras
1088 4403 1205 4478 discipu·
