3014 5116
358 377 542 448 'poemen
566 402 644 448 sum
669 400 897 448 sunruurmn.

151 554 274 621 Gravis
297 556 425 618 animus
449 553 582 618 dubiam
604 553 792 618 nonhabet
815 555 1021 618 sententiam.

152 657 297 722 Gravius
320 654 442 719 malum
465 677 559 720 omne
583 665 641 737 θεῖ,
666 655 753 741 quod
776 656 837 721 sub
859 665 995 744 aspectu
1016 654 1106 724 latet.

154 759 301 824 Gravius
323 766 429 840 nocet,
457 757 683 842 quodcumque
706 757 912 844 inexpertum
934 758 1064 822 occidit.

60 867 129 926 200
153 859 313 946 (Gravior
336 867 386 923 est
408 859 572 936 inimicus,
595 857 652 943 qui
674 856 753 924 latet
776 860 810 922 in
832 860 989 946 pectore.)
1061 940 1063 943 ι

152 960 395 1025 Gravissimum
419 969 469 1023 θεῖ
491 961 665 1047 imperium
688 960 947 1025 consuetudinis.

151 1064 262 1128 Grave
286 1063 420 1143 crimen,
446 1063 544 1125 etiam
566 1059 684 1125 leviter
707 1083 780 1124 cum
804 1070 853 1126 est
876 1062 1010 1146 dictum,
1033 1073 1163 1129 nocet.-

150 1164 227 1228 Heu
250 1187 347 1251 quam
370 1162 517 1228 difficilis
540 1162 664 1248 gloriae
687 1164 835 1229 custodia
858 1165 925 1229 esti
973 1213 975 1216 >

69 1352 76 1358 „
150 1266 259 1331 Homo
282 1276 377 1332 extra
399 1289 517 1353 corpus
541 1275 590 1329 est
613 1288 717 1348 suum,
741 1287 814 1329 cum
836 1267 1000 1330 irascitur.

60 1375 127 1435 205
150 1368 227 1432 Heu
251 1391 347 1455 quam
370 1377 419 1432 est
441 1367 616 1449 timendus,
640 1368 697 1454 qui
717 1368 801 1432 mori
822 1376 929 1432 tutum
951 1369 1061 1456 putat!

149 1469 273 1552 Homo,
303 1470 416 1557 quiin
438 1468 568 1534 homine
591 1467 782 1534 etlamitoso
805 1479 855 1533 est
876 1471 1077 1552 misericors,
1101 1470 1213 1534 memi-

673 1573 722 1635 nit
745 1568 805 1634 sui.
1219 1567 1221 1571 ’

150 1672 298 1738 Honesta
320 1674 490 1761 turpitudo
513 1683 563 1738 est
584 1696 643 1759 pro
667 1694 764 1736 causa
786 1672 882 1737 bona.

150 1774 263 1839 Hubet
286 1777 321 1838 in
342 1775 491 1840 adversis
513 1773 649 1861 auxilia,
673 1775 732 1861 qui·
752 1777 787 1837 in
809 1775 962 1851 secundis
985 1775 1178 1840 commodat.

150 1876 226 1942 Heri
248 1899 345 1963 quam
367 1879 523 1942 miserum
546 1887 595 1940 est
618 1876 661 1940 eb
684 1876 722 1940 eo
744 1875 846 1958 laedi,
871 1876 912 1940 de
935 1898 998 1963 quo
1020 1900 1087 1943 uon
1109 1880 1214 1963 possis

644 2038 646 2043 .
674 1979 782 2064 queri!

59 2207 198 2249 comeus
220 2210 244 2244 v.
263 2190 443 2248 194-223:
466 2192 578 2248 PRBF
592 2189 630 2263 (T
629 2189 688 2263 EC)

60 2306 165 2384 paule
182 2311 261 2382 facti
279 2327 394 2367 erasum
419 2317 475 2380 est,
502 2319 566 2384 post
589 2311 689 2366 iactum
706 2311 797 2366 Beru.
819 2317 850 2366 ut
872 2313 956 2367 etium
976 2313 1001 2367 Τ
1019 2313 1107 2386 gravis
1127 2329 1213 2386 poena

55 2403 104 2467 Ιθεῖ
125 2397 286 2469 poenitenti.
319 2396 395 2451 cuius
415 2403 480 2468 post
505 2396 606 2451 fectum
632 2397 787 2451 cruciantur
809 2391 904 2464 animi3
935 2413 1015 2469 quem
1036 2405 1129 2471 potest
1150 2390 1213 2454 fecti

60 2481 185 2553 penitere
202 2481 231 2537 C.
243 2515 244 2518 =
257 2482 338 2537 Viuo.
355 2481 430 2537 Bell.
447 2497 491 2551 sp.
507 2483 534 2536 cl.
552 2481 587 2551 5,
605 2479 644 2535 22
661 2479 691 2534 G.
711 2497 733 2534 a.
751 2498 778 2554 p.
795 2487 837 2536 est
857 2482 1065 2555 proximumque
1081 2482 1114 2537 od
1134 2483 1212 2538 inuo-

60 2566 177 2620 centiam
199 2565 290 2621 iocum'
304 2573 380 2622 tenet
396 2565 546 2621 verecunde
563 2566 665 2639 peccati
680 2564 833 2635 confessio,
856 2569 1083 2639 conclutinatum
1099 2582 1138 2623 ex
1153 2568 1210 2623 Pu-

61 2651 135 2707 blilii
154 2666 240 2706 versu
261 2659 289 2707 et
303 2652 479 2707 Pseudosen.
502 2652 538 2706 de
558 2669 629 2707 mor.
653 2649 693 2707 94
782 2650 840 2706 107
872 2651 952 2706 Vino.
977 2652 1049 2707 Bell.
1072 2669 1115 2723 sp.
1136 2654 1164 2708 d.
1181 2650 1211 2724 4,

61 2734 115 2791 86.
134 2735 157 2791 C
215 2734 274 2792 198
299 2736 343 2808 Cf.
359 2755 383 2792 o.
398 2735 468 2792 200.
485 2735 582 2790 muium
599 2752 623 2791 o.
641 2743 682 2790 est
698 2737 760 2791 cod.
776 2737 946 2792 Palatinus:
969 2743 1012 2791 est
1026 2753 1061 2791 m.
1079 2752 1105 2792 o.
1119 2737 1210 2811 RRB,

60 2828 104 2875 est
121 2836 200 2875 om.
220 2818 254 2891 C,
277 2837 312 2875 m.
335 2827 377 2876 est
393 2837 419 2876 o.
437 2821 465 2874 F
548 2837 628 2894 greve
649 2827 691 2875 est
712 2836 748 2875 m.
771 2837 797 2876 o.
814 2823 970 2886 Erasmus,
994 2822 1075 2877 houd
1091 2825 1151 2878 seio
1172 2839 1210 2877 uu

61 2908 168 2976 verino,
186 2908 250 2962 coll.
270 2924 294 2962 o.
312 2906 374 2963 200
454 2905 512 2961 193
537 2904 590 2961 EC
658 2907 737 2961 citius
753 2913 835 2962 nocet
850 2905 979 2979 quicquid
993 2907 1108 2962 inocet
1133 2899 1209 2963 Viuc.

60 2990 138 3045 Bell.
157 2992 245 3061 sp;d.
263 2989 354 3056 4,82
450 2990 511 3048 200
537 2989 623 3063 Cyto.
643 2990 702 3047 198
790 2989 901 3046 Gravior
915 2990 1038 3047 BFOPu
1055 3008 1133 3047 corr.
1149 3007 1209 3047 ree.
1329 3005 1336 3011 ‘

59 3094 96 3130 m.
117 3076 225 3147 gravius
243 3075 430 3149 PR,gravios
446 3075 514 3145 PR,
532 3076 621 3148 gravis
637 3083 679 3131 θεῖ
694 3076 837 3148 scrupulus
853 3075 1009 3132 delitiscens
1024 3077 1126 3132 invisus
1141 3077 1210 3150 inp.

63 3160 89 3215 Τ
172 3155 312 3236 inimicus]
329 3161 356 3215 in
373 3160 415 3215 his
430 3160 489 3229 Pb3
513 3163 600 3217 uoluit
619 3162 750 3233 fortusse
770 3160 894 3217 inimicus
909 3162 932 3216 is
949 3162 1016 3233 qui,
1033 3169 1064 3217 ut
1079 3168 1122 3217 θεῖ
1137 3166 1167 3218 in
1183 3163 1211 3216 B

59 3243 112 3300 sub
126 3253 238 3317 pectore
254 3247 405 3315 Erasmus
424 3249 526 3302 omisso
542 3252 599 3317 est3
624 3249 711 3301 aliter
725 3247 812 3302 Proo.
831 3245 870 3302 23
946 3245 1004 3303 201
1039 3248 1118 3302 Viuo.
1135 3246 1210 3303 Bell.

59 3346 107 3400 sp.
122 3333 149 3386 d.
166 3329 197 3402 5,
213 3329 264 3399 43,
283 3329 306 3385 C
381 3330 592 3386 conscietudinis
609 3331 650 3385 B:
674 3328 797 3386 voluitne
811 3330 1011 3386 conscientiae?
1098 3330 1159 3388 202
1183 3331 1209 3386 d.

59 3421 103 3470 est
119 3415 271 3471 Bentleius
349 3414 409 3472 203
433 3410 821 3488 (1111011θο,(1116θ111εθεῖς.
839 3432 862 3474 c.
887 3414 966 3471 Viuo.
984 3417 1059 3470 Bell.
1077 3432 1120 3486 sp.
1137 3417 1164 3471 d.
1181 3416 1210 3486 5,

60 3499 101 3555 67
190 3499 250 3558 204
273 3507 316 3555 θεῖ
336 3517 415 3556 suum
431 3500 539 3559 PREA,
550 3490 628 3555 suum
645 3507 686 3555 θεῖ
702 3498 780 3554 BFC
804 3501 882 3555 Viuo.
894 3501 974 3555 Bell.
992 3516 1037 3570 sp.
1051 3502 1078 3556 cl.
1096 3498 1132 3570 4,
1149 3501 1210 3557 133

184 3586 319 3641 hominem
349 3593 424 3641 extre
446 3602 469 3641 c.
493 3584 555 3645 iecit
577 3584 672 3640 fenalis
704 3583 835 3655 (furialis‘i
872 3601 910 3639 au
932 3583 1033 3639 venulis
1054 3608 1096 3630 =
1118 3583 1210 3655 uilici)

59 3670 226 3725 incensioT
330 3669 391 3728 205
417 3671 502 3742 Ofiv.
520 3670 582 3727 364
684 3669 791 3724 timidus
809 3668 856 3724 FO
955 3684 1072 3724 amorem
1090 3677 1165 3725 tuum
1182 3671 1210 3724 B

57 3772 110 3825 pr.
131 3773 167 3808 m.
191 3755 389 3811 rnoriturumti
491 3755 551 3812 207
576 3756 624 3824 C,
644 3756 722 3811 Viuo.
739 3754 814 3810 Bell.
832 3771 875 3826 sp.
893 3755 920 3811 d.
936 3753 971 3824 4,
987 3752 1027 3811 82
1119 3749 1209 3809 *θεῖε

58 3845 104 3893 θεῖ
119 3840 186 3894 mori
202 3840 250 3896 Le
272 3841 351 3898 Viuo.
439 3857 520 3896 censa
540 3839 611 3896 bona
633 3837 750 3896 PBBO:
771 3838 796 3894 b.
818 3856 842 3894 c.
859 3839 901 3903 F,·
921 3837 970 3894 Est
990 3839 1016 3894 h.
1035 3848 1054 3894 t.
1078 3838 1169 3913 proh.
1185 3856 1209 3895 o.

56 3925 129 3979 mori
142 3926 296 3982 Erasmus.
322 3925 365 3998 Cf.
384 3945 408 3982 v.
426 3927 465 3983 76
515 3955 517 3958 <
553 3925 613 3982 208
637 3924 756 3980 adversis
771 3925 867 3980 auxilie
882 3922 1018 3981 PRBEC
1040 3926 1118 3981 Viuo.
1133 3927 1208 3982 Bell.

58 4025 106 4081 sp.
123 4011 150 4065 d.
167 4010 197 4083 4,
214 4010 269 4067 67:
292 4010 395 4066 adversi
412 4011 524 4067 consiliu
540 4011 568 4065 F
652 4009 822 4065 commendet
836 4011 874 4086 R,
893 4017 923 4066 ut
938 4009 1021 4082 iufra
1038 4029 1062 4066 v.
1081 4009 1142 4067 220

57 4093 121 4151 209
146 4097 264 4153 Excidit
285 4099 313 4152 iu
330 4097 371 4167 F,
393 4097 433 4169 cf.
452 4099 491 4152 ud
505 4115 529 4152 o.
548 4094 609 4150 213
695 4095 728 4150 ab
749 4094 795 4150 iilo
814 4092 848 4166 0,
871 4094 902 4149 uh
923 4095 1013 4167 aliquo
1037 4095 1117 4151 Vino.
1134 4096 1209 4151 Bell.

54 4197 104 4251 sp.
120 4182 148 4234 u
163 4180 199 4249 4,
220 4181 296 4250 138,
324 4181 393 4237 laedi
416 4180 448 4236 ab
470 4198 503 4237 eo
519 4183 547 4236 B
634 4196 688 4236 non
709 4181 805 4253 possis
826 4181 903 4253 queri
922 4181 966 4234 B:
993 4196 1046 4234 non
1069 4181 1211 4253 conpossit

48 4267 156 4339 ‘quaeri
176 4267 266 4336 Pali,
295 4283 350 4322 uon
372 4267 515 4339 conpossit
536 4267 613 4339 queri
634 4265 692 4336 Pb,
719 4268 860 4338 conpossit
881 4265 974 4338 quaeri
993 4265 1020 4320 R
1042 4280 1100 4321 εθθ.
1123 4284 1158 4321 m.
1180 4269 1209 4321 iu

52 4369 154 4424 marp.
172 4368 228 4407 non
249 4353 337 4425 possit
359 4353 436 4425 queri
460 4352 537 4408 Viuo.
555 4358 583 4408 et
599 4353 625 4406 B
641 4368 699 4408 sec.
717 4368 752 4408 m.
769 4355 796 4406 si
815 4357 894 4408 recte
907 4353 979 4423 lepi,
1000 4365 1118 4421 nequeas
1134 4353 1210 4423 queri

52 4436 88 4510 0,
107 4437 252 4492 nonensis
268 4437 345 4510 queri
362 4426 470 4494 Gruter
