3014 5116
275 370 335 456 ν38
516 425 520 428 «
728 403 1003 453 11011111111.

285 562 373 649 >quin
396 562 494 624 etiam
517 561 669 624 inventus
693 568 753 642 est,
776 559 832 645 qui
855 580 897 623 ex
920 557 1063 622 Senecae
1085 554 1290 641 dialogorum
1316 554 1402 618 libro
1417 553 1440 616 I.

297 665 352 749 (de
376 662 610 748 providentia),
636 661 682 725 ΙΙ.
707 660 763 746 (de
786 662 969 725 constantia
991 657 1181 746 sapientis),
1198 657 1270 722 ΠΙ.
1292 655 1382 720 IIII.
1404 655 1439 719 V.

298 765 354 850 (de
375 766 437 849 ira)
461 763 619 850 librisque
642 763 683 826 de
706 761 878 826 clementia
893 761 989 849 plane
1004 783 1125 826 novam
1139 760 1286 846 satisque
1301 756 1440 844 amplam

296 868 529 931 sententiarum
552 864 776 933 collectionem
800 872 997 951 excerperet
1012 884 1146 950 eamque
1167 883 1225 925 suo
1240 863 1314 925 iure
1331 860 1438 924 inseri·
1495 854 1500 870 ’

295 968 389 1033 beret
416 967 594 1033 Proverbia
622 967 774 1033 Senecae.
819 965 975 1030 Deiectus
1003 963 1092 1029 illius
1123 964 1180 1049 (cf.
1210 961 1307 1027 codd.
1341 962 1439 1026 Paris.

297 1070 391 1135 6379.
414 1070 508 1134 6380.
531 1069 626 1134 6384.
648 1069 733 1134 6390
755 1090 839 1135 saec.
863 1068 958 1132 XIV.
983 1076 1014 1130 et
1036 1067 1128 1152 XV.)
1152 1068 1259 1153 prima
1282 1065 1440 1129 sententia

298 1181 363 1236 est:
387 1171 426 1235 N
429 1193 469 1236 on
491 1173 575 1253 qiud,
598 1172 653 1235 scd
667 1171 928 1252 queamdmodum
941 1171 1028 1250 feros
1042 1172 1170 1234 interest
1184 1168 1241 1252 (τε
1256 1166 1297 1231 (11
1314 1164 1438 1253 pro‘vid.

297 1276 329 1357 2,
347 1275 394 1359 4),
416 1273 532 1338 ultima
554 1272 651 1336 haec:
682 1272 789 1336 Verrio
812 1277 857 1336 cst
871 1292 993 1352 poeitae
1015 1274 1143 1336 meritae
1164 1271 1308 1335 remissio
1335 1269 1390 1353 (=
1405 1267 1439 1330 de

299 1375 390 1439 clem.
415 1376 452 1457 2,
477 1377 507 1456 1,
534 1377 584 1462 1);
617 1374 675 1438 sed
696 1396 738 1437 ne
761 1373 833 1459 quis
857 1382 1032 1436 tractatum
1055 1372 1097 1436 ad
1120 1371 1317 1458 explendam
1340 1380 1439 1458 poste·
1491 1456 1492 1459 Ἴ

298 1479 417 1542 riorem
446 1479 680 1541 sententiarum
708 1483 834 1561 partem
858 1473 947 1560 (N—
957 1474 1005 1561 V)
1029 1476 1245 1562 compositum
1268 1474 1374 1538 fuisse
1396 1496 1439 1536 su-

300 1580 460 1665 spicetur,
487 1578 685 1643 monendum
709 1586 757 1640 est
779 1574 898 1640 multas
921 1575 1002 1639 alias
1025 1576 1150 1659 inesse,
1181 1598 1320 1662 quarum
1343 1576 1441 1662 prima

300 1681 400 1745 verba
423 1683 585 1768 incipiunt
606 1703 626 1744 a
647 1679 767 1744 litteris
790 1679 917 1742 A-M.

386 1783 452 1849 Sed
482 1783 637 1870 quamdiu
664 1782 724 1846 hae
747 1780 830 1844 duae
852 1780 1101 1868 proverbiorum
1124 1779 1332 1844 collectiones
1357 1802 1441 1868 sepa·

301 1887 397 1949 ratim
426 1883 717 1967 describebantur,
740 1881 843 1946 altera
870 1905 972 1969 prave
1000 1881 1142 1960 Senecae
1169 1884 1347 1970 inscripta,
1378 1905 1443 1946 cum

207 2045 211 2055 ,
302 1995 387 2050 11111
410 1986 596 2063 Publiliana
625 2007 726 2071 eaque
754 2005 812 2070 per
840 1984 987 2047 ordinem
1016 1983 1200 2048 litterarum
1228 1982 1392 2071 disposita
1418 1994 1445 2047 et

301 2087 426 2151 homini
452 2087 506 2150 vel
533 2087 651 2151 leviter
678 2086 797 2150 litteris
825 2085 951 2151 imbuto
979 2086 1160 2150 iamborum
1187 2087 1272 2151 ictus
1296 2087 1445 2173 prodens,

289 2187 405 2260 ‘altera
432 2188 474 2253 ad
503 2189 650 2254 ordinem
678 2187 881 2272 dialogorum
904 2187 1047 2253 Senecae
1070 2187 1215 2272 digesta,
1244 2187 1447 2273 longioribus

304 2291 480 2353 enuntiatis
509 2292 669 2376 originem
698 2290 882 2377 pedestrem
905 2311 984 2376 prae
1007 2311 1041 2353 se
1062 2289 1183 2372 ferens,
1217 2289 1358 2354 Publilii
1381 2313 1448 2354 sen-

304 2392 425 2456 tentiae
453 2393 495 2457 ab
525 2392 784 2479 interpolationis
814 2392 935 2455 iniuria
964 2391 1241 2475 defendebantur:
1272 2392 1332 2456 sed
1361 2402 1449 2479 pate·

303 2493 390 2557 faeta
413 2503 473 2578 est,
495 2504 532 2560 ut
554 2496 600 2558 ait
622 2495 805 2575 Terentius,
822 2493 965 2557 fenestra
986 2492 1082 2575 malo,
1099 2493 1235 2558 simulac
1258 2495 1375 2560 extitit
1399 2496 1452 2582 qui

303 2597 494 2661 recentioris
523 2597 698 2682 farraginis
727 2597 905 2660 sententias
934 2597 969 2658 in
997 2596 1131 2660 brevius
1161 2597 1326 2681 redigeret
1357 2597 1453 2662 etad

304 2698 486 2763 litterarum
509 2700 656 2764 ordinem
679 2699 876 2786 disponeret.
921 2695 1029 2762 Huius
1046 2697 1150 2762 libelli
1165 2699 1334 2763 retractati
1352 2709 1455 2763 11111

305 2810 442 2864 externa
456 2800 611 2887 speeies,
641 2811 678 2866 ut
704 2801 842 2886 incipiat
863 2821 883 2862 a
905 2801 1080 2864 sententia:
1113 2799 1228 2864 Arida
1250 2806 1295 2864 cst
1316 2803 1457 2883 periculi

305 2904 406 2967 virias
429 2903 486 2984 (τ-
508 2902 549 2966 (11
571 2901 700 2989 provid
724 2903 760 2985 4,
786 2902 841 2988 4),
872 2901 1001 2966 desinat
1029 2903 1064 2964 in
1086 2901 1188 2966 verba
1216 2901 1457 2970 [1111111111-

306 3005 501 3069 tmmetiosum
520 3025 619 3087 peram
640 3010 691 3069 etc.
717 3004 773 3090 (τε
795 3003 836 3067 (11
858 3005 906 3067 ira
928 3004 964 3087 2,
989 3004 1046 3085 32,
1070 3005 1122 3091 3),
1146 3005 1244 3068 sicuti
1267 3014 1317 3068 est
1340 3006 1458 3070 videre

307 3128 349 3168 ex
377 3105 546 3185 codicibus
569 3106 725 3170 Parisinis
748 3106 842 3171 6385.
866 3107 960 3170 6631.
1004 3105 1091 3169 Vere
1121 3105 1253 3193 quidem
1280 3106 1317 3169 in
1340 3108 1459 3172 codice

308 3207 392 3272 8545
414 3207 605 3271 adnotatum
629 3217 693 3271 est:
716 3207 782 3272 Hic
802 3213 876 3273 11111
898 3209 966 3272 otia
981 3209 1152 3289 precordia
1167 3208 1309 3272 Sammo.
1344 3209 1460 3274 Avida

308 3315 353 3374 est
373 3315 424 3379 etc.
448 3309 547 3374 immo
575 3309 609 3372 in
636 3309 746 3374 codiee
769 3309 853 3373 8546
876 3318 1031 3395 quattuor
1052 3308 1207 3396 opuscula
1228 3310 1312 3372 bene
1335 3304 1459 3375 distin-

306 3419 465 3496 guuntur,
495 3412 570 3476 liber
597 3413 634 3477 de
655 3414 807 3492 moribm,
830 3412 1000 3494 proverbio
1022 3410 1154 3476 Scaeam
1182 3411 1347 3497 (metrica,
1381 3414 1405 3476 i.
1431 3436 1458 3479 e.

307 3513 443 3579 Publilii
459 3513 665 3600 sententiae),
688 3509 870 3598 ‘parabolae
886 3512 1018 3578 Senecae
1036 3514 1224 3596 philosophi
1249 3512 1325 3577 Nori
1345 3535 1457 3594 querr-

308 3617 478 3681 admodam
509 3617 595 3697 seros
627 3619 753 3681 interest
780 3620 832 3679 etc.
865 3614 1005 3702 denique
1039 3614 1185 3678 eiusdem
1218 3612 1322 3679 libelli
1351 3614 1461 3680 altera

239 3738 241 3743 ⁴
310 3718 411 3783 editio
434 3718 554 3782 ‘Arida
576 3725 621 3784 est
635 3719 772 3800 periculi
793 3719 894 3782 virias
915 3721 981 3780 etc?
1025 3699 1148 3781 Verum
1172 3719 1228 3803 qui
1250 3725 1367 3802 postea
1384 3742 1460 3805 pro-

310 3818 424 3883 verbia
447 3818 589 3883 Senecae
614 3819 872 3906 descripserunt,
902 3812 991 3880 haud
1013 3841 1086 3883 raro
1110 3820 1386 3884 commiscuerunt
1410 3821 1460 3884 di-

310 3943 424 3985 versae
451 3921 641 4008 propaginis
664 3920 859 4004 sententias,
890 3911 946 4007 qui
969 3942 1022 3984 eas
1045 3919 1234 4004 ediderunt,
1263 3920 1341 3985 hine
1364 3920 1462 3985 illinc

311 4022 559 4111 qualiacumque
574 4023 718 4108 arripere
733 4020 820 4086 haud
843 4021 1088 4104 dubitaverunt,
1112 4020 1288 4102 dummodo
1305 4021 1374 4086 sibi
1390 4025 1461 4112 pla·

312 4136 432 4191 cerent.
476 4126 592 4210 Itaque
613 4123 786 4188 molestum
810 4133 860 4188 est
881 4126 916 4188 in
931 4124 1061 4210 singula
1075 4125 1250 4211 inquirere.
1288 4125 1463 4192 Monuisse

312 4229 391 4293 satis
415 4229 476 4292 erit
498 4224 759 4312 interpolationis
783 4226 889 4291 fontes
913 4228 1082 4314 primarios
1106 4227 1209 4292 fuisse
1230 4227 1462 4297 Pseudosene-

313 4353 384 4394 cam
411 4329 452 4393 de
479 4328 640 4408 moribus,
672 4328 846 4415 proverbia
874 4350 916 4391 ex
945 4328 1086 4393 Senecae
1119 4327 1259 4413 dialogis
1288 4341 1463 4416 excerpta,

313 4432 459 4497 eiusdem
481 4429 636 4518 epistulas
658 4452 697 4494 ac
718 4430 915 4517 tragoedias,
938 4429 1095 4495 Senecam
1116 4430 1289 4514 rhetorem,
1312 4431 1464 4498 Pseudo-
