3014 5116
500 364 773 412 rnonucounua.
1056 408 1058 412 ,
1170 349 1211 413 47

64 515 135 600 legi
166 516 231 603 ipsi
261 515 572 604 obtemperavimus,
608 539 670 604 quo
698 517 801 580 maior
833 517 927 580 nobis
958 523 1042 580 esset
1070 515 1213 601 licentia,

64 619 100 680 in
130 639 229 681 arena
258 619 350 704 quasi
378 624 502 682 secreta
530 621 613 683 citra
635 619 827 705 cuiusquam
850 617 1004 682 damnum
1026 617 1215 682 exsultandi

65 729 99 784 et
124 721 320 784 coniecturis
344 719 549 806 indulgendi.

362 1133 408 1218 V.
458 1133 517 1237 De
539 1132 923 1242 interpolationibus.

153 1321 408 1417 interpolatores
439 1331 501 1396 hoc
529 1331 599 1397 loco
627 1355 692 1397 non
719 1354 773 1397 eos
804 1333 960 1416 dicimus,
995 1335 1050 1419 qui
1079 1331 1214 1397 Publilii
1310 1406 1312 1408 ,
1352 1406 1354 1408 ,

64 1434 241 1501 sententiis
275 1431 407 1496 alienas
433 1433 631 1499 addiderunt
664 1433 720 1517 (de
752 1435 802 1499 his
834 1437 920 1498 enirn
952 1436 1017 1499 iam
1045 1436 1078 1499 in
1108 1436 1214 1521 capite

64 1545 183 1621 quarto
206 1536 444 1621 exposuimus),
468 1535 526 1600 sed
547 1535 620 1600 illos
642 1537 761 1622 potius,
786 1539 842 1623 qui
864 1536 1102 1624 interpretandi
1118 1559 1214 1601 causa

64 1636 172 1702 verba
194 1645 308 1723 poetae
331 1639 467 1702 consulto
489 1639 758 1702 immutaverunt:
783 1641 830 1701 sic
854 1662 911 1704 suo
927 1640 1041 1702 ordine
1057 1640 1091 1702 in
1107 1640 1213 1724 capite

64 1750 162 1803 sexto
186 1738 227 1801 de
249 1739 289 1801 iis
313 1737 570 1824 corruptelarum
591 1740 765 1824 generibus
789 1740 1015 1805 disserendum
1036 1741 1108 1822 erit,
1132 1762 1214 1826 quae

63 1844 178 1906 invitis
204 1840 348 1904 librariis
376 1839 520 1904 admissa
548 1850 624 1905 sunt
652 1863 690 1905 ac
719 1841 759 1905 de
781 1841 933 1907 tollendis
957 1844 1014 1926 iis,
1042 1843 1077 1906 id
1101 1852 1151 1906 est
1173 1841 1213 1905 de

64 1942 291 2007 emendandis.
337 1942 407 2007 Sed
431 1943 583 2029 quoniam
612 1946 646 2008 in
675 1942 823 2030 plurimis
848 1943 1014 2008 codicibus
1038 1943 1212 2031 interpola-

62 2047 167 2111 tionis
195 2043 338 2129 vestigia
364 2065 430 2107 non
453 2045 599 2108 extincta
621 2045 769 2132 quidem,
798 2055 831 2109 at
860 2056 947 2110 certe
972 2047 1019 2110 ita
1041 2046 1214 2133 obscurata

63 2159 161 2226 sunt,
183 2157 219 2211 ut
242 2145 437 2231 aliquotiens
460 2147 603 2211 incertus
627 2147 776 2229 haereas,
801 2149 909 2212 sintne
931 2147 1048 2211 deletis
1071 2149 1212 2235 interpo-

4 2304 10 2305 κ
63 2250 181 2314 latoris
215 2248 269 2312 vel
296 2246 487 2332 glossatoris
516 2247 750 2314 additamentis
781 2251 901 2313 senarii
928 2249 1139 2333 restituendi,
1172 2272 1215 2312 an

63 2348 249 2416 sententiae
277 2352 423 2438 pedestri
451 2353 592 2416 sermoni
619 2352 854 2437 assignandae,
883 2355 1024 2439 primum
1051 2350 1214 2416 luculento

64 2454 224 2519 codicis
248 2453 484 2518 Turicensis
501 2452 650 2542 exemplo
667 2453 889 2518 demonstrare
904 2454 1105 2538 conabimur,
1121 2453 1213 2540 quid-

61 2579 144 2620 nam
168 2555 294 2620 consilii
316 2554 565 2643 interpolatores
588 2556 690 2620 secuti
714 2557 780 2620 sint
795 2566 827 2620 et
843 2578 921 2642 quos
942 2556 984 2620 ad
1007 2556 1087 2619 fines
1104 2578 1212 2620 eorum

2 2705 15 2713 ‚
62 2681 168 2747 opera
195 2668 343 2744 grassata
370 2659 423 2722 sit.
469 2658 509 2721 ld
537 2680 610 2722 curn
640 2680 698 2745 per
727 2681 762 2723 se
784 2658 915 2743 neglegi
936 2651 1001 2722 non
1030 2658 1149 2745 possit,
1178 2667 1214 2720 ut

61 2769 194 2825 rectum
216 2759 257 2824 de
280 2761 396 2824 ceteris
424 2759 591 2825 codicibus
615 2760 756 2824 feramus
780 2759 953 2843 iudicium,
983 2770 1052 2824 turn
1074 2759 1212 2823 delecta·

63 2862 168 2927 tionis
196 2861 322 2948 aliquid
345 2862 443 2927 habet
467 2885 509 2946 ex
532 2865 602 2949 ipsa
625 2862 748 2927 codicis
771 2861 881 2927 indole
903 2871 1000 2949 atque
1023 2861 1213 2926 condicione

63 2963 281 3051 comprobare
315 2963 498 3030 scholarum
531 2974 758 3052 praeceptores
787 2964 830 3028 ad
861 2964 1041 3030 docendam
1068 2963 1213 3050 linguam

63 3067 203 3132 latinam
226 3065 362 3131 Publilii
384 3068 555 3130 sententiis
578 3090 654 3146 usos
678 3088 759 3131 esse.

156 3171 189 3254 1)
212 3154 351 3233 Omissis
375 3169 544 3233 sententiis
561 3169 807 3255 Turicensibus,
831 3190 913 3256 quae
934 3179 992 3233 aut
1012 3168 1055 3232 ad
1077 3169 1212 3232 verbum

66 3294 143 3335 cum
172 3269 367 3334 Publilianis
397 3264 546 3336 codicum
575 3271 708 3361 PRBF
731 3273 935 3358 conspirant,
964 3280 1020 3336 aut
1047 3270 1143 3357 plan'e
1164 3274 1212 3335 in-

66 3383 178 3437 certae
206 3382 281 3437 sunt
308 3373 462 3457 originis,
495 3373 590 3446 huius
621 3375 682 3438 erit
710 3372 773 3437 loci
796 3373 836 3436 de
861 3375 902 3437 iis
926 3366 1101 3457 disserere,
1131 3397 1214 3460 quae
1242 3396 1247 3400 ¹

66 3475 283 3562 paraphrases
306 3473 564 3540 Publilianamm
586 3474 745 3539 dicendae
767 3484 853 3539 sunt.
891 3474 983 3554 Quas
1004 3478 1149 3562 quicum
1166 3479 1213 3540 in-

66 3579 171 3663 tegris
200 3575 350 3641 versibus
380 3579 636 3665 comparaverit,
664 3576 761 3643 facile
782 3578 973 3664 perspiciet,
1002 3587 1156 3642 nontam
1179 3577 1213 3642 id

68 3681 178 3771 egisse
205 3678 486 3765 interpolatorem,
517 3689 554 3744 ut
581 3701 707 3767 aspera
725 3679 917 3766 perpoliret,
947 3681 1053 3743 minus
1082 3681 1212 3744 usitatis

68 3782 284 3846 substitueret
313 3780 478 3866 vulgaria,
507 3782 551 3846 ad
579 3781 835 3867 intellegendum
864 3782 1053 3847 obscuriora
1079 3783 1212 3847 auribus

68 3883 162 3968 vulgi
189 3883 462 3966 accommodaret,
498 3884 557 3949 sed
584 3884 727 3950 voluisse
761 3907 834 3949 eum
862 3886 990 3949 variare
1023 3887 1211 3967 orationem,

68 3987 279 4074 prospexisse
307 3988 419 4074 copiae
447 3987 622 4051 verborum
650 3987 832 4074 parandae,
862 3986 1003 4074 denique
1030 3988 1213 4052 ostendisse

68 4088 232 4176 quomodo
260 4089 373 4152 eadem
403 4090 565 4154 sententia
591 4088 664 4153 aliis
692 4088 803 4154 verbis
830 4099 940 4176 posset
968 4090 1118 4175 exprimi.
1163 4091 1212 4154 Ac

67 4191 186 4257 videor
212 4186 448 4278 mihi'videre,
478 4190 595 4278 quibus
618 4192 889 4256 exercitationum
909 4191 1083 4276 generibus
1106 4213 1211 4275 gram-

67 4295 207 4360 maticus
223 4295 398 4379 praecipue
414 4316 544 4381 operam
560 4292 698 4357 dederit.
731 4293 934 4359 Iubebantur
949 4295 1042 4380 pueri
1056 4293 1090 4354 in
1105 4291 1213 4357 locum

66 4395 245 4482 singularis
261 4394 420 4481 pluralem
434 4418 603 4460 numerum
618 4395 827 4480 substituere,
848 4396 1086 4461 nominativum
1102 4417 1134 4458 v.
1152 4396 1212 4460 115
