3014 5116
399 493 401 502 .
506 451 781 499 rnonueounm.
1176 434 1216 496 37
1273 519 1275 522 .

157 602 292 669 Saeculo
315 604 498 687 undecimo,
521 607 577 692 qui
594 605 834 668 ‘sententiarum
858 605 1019 690 epitomen
1034 602 1217 666 Parisinam

65 705 135 792 (E)
159 706 345 793 descripsit,
369 708 403 771 in
425 707 488 770 fine
503 707 681 793 ,subiunxit
703 707 799 772 haec:
894 745 895 750 κ

176 849 260 908 Idem
282 850 349 907 ccllc
371 854 397 907 ct
418 851 494 908 tdcuc
512 852 588 909 uollc
611 869 644 908 cu
666 851 782 908 demum
801 851 891 920 firma
912 849 1043 907 3777377777
1066 852 1114 906 cst.

176 948 247 1008 Nou
269 953 407 1010 cucrcttus
429 969 519 1024 ucquc
540 953 669 1010 thesauri
685 938 839 1023 prucstdc'u
859 952 944 1024 repud
964 955 1041 1008 suut.

65 1079 157 1144 haud
181 1079 280 1144 dubie
302 1103 344 1144 ex
366 1080 514 1163 Sallustii
536 1079 678 1146 Catilina
692 1081 734 1144 20
757 1089 789 1144 et
811 1078 976 1164 Jugurtha
994 1081 1043 1162 10,
1067 1101 1126 1142 nec
1149 1102 1214 1142 ma-

65 1185 120 1266 gis
152 1181 306 1264 dubium,
339 1184 418 1270 quin
441 1185 546 1271 prima
567 1205 664 1246 manu
687 1182 728 1246 ab
751 1185 823 1270 ipso
845 1182 979 1246 librario
1002 1180 1115 1245 addita
1137 1181 1213 1262 sint,
1304 1255 1315 1269 κ
1351 1265 1352 1274 ,
1429 1194 1437 1205 ‘

66 1290 143 1349 curn
166 1284 253 1348 idem
276 1283 330 1347 ille
353 1284 459 1351 codex
481 1286 647 1349 contineat
669 1283 817 1350 Sallustii
839 1283 1014 1348 Catilinam
1037 1294 1069 1347 et
1092 1283 1213 1366 lugur-

63 1387 169 1450 tham.
214 1385 387 1473 Sequentis
410 1386 547 1469 saeculi,
577 1386 779 1470 duodecimi,
802 1395 920 1450 testem
941 1386 1104 1473 proferam
1126 1384 1213 1449 codi-

64 1511 139 1552 cem
162 1489 371 1571 Bernensem,
395 1490 508 1576 inquo
524 1490 589 1552 iam
603 1488 702 1553 latius
718 1491 836 1576 serpsit
852 1487 989 1552 malum:
1013 1486 1112 1552 habet
1128 1489 1215 1551 enim

39 1613 133 1655 ‘non
151 1589 259 1655 'solum
282 1590 364 1656 duas
387 1593 565 1655 sententias
589 1589 897 1672 codicissasiliensi,
920 1599 956 1653 ut
978 1588 1074 1653 modo
1090 1591 1213 1654 monui-

63 1716 150 1775 mus,
173 1692 367 1779 adscriptae,
395 1693 551 1757 sedante
574 1716 606 1756 v.
632 1695 707 1758 159:

108 1835 336 1893 Eucusutioucm
357 1838 464 1894 uitium
487 1854 636 1908 quucrcrc,
659 1838 709 1894 scd
731 1837 862 1908 dertusae
884 1837 984 1894 cuculo
1006 1835 1046 1893 ud
1067 1836 1160 1893 dcuuc.

108 1935 279 1995 Elcmosiuu
300 1956 361 1995 uou
381 1943 443 1996 tuuc
465 1939 670 2011 escaticuttbus
686 1939 804 2011 prodest
826 1937 1084 2011 descendentibus,

108 2045 135 2096 ct
155 2057 220 2112 spcs
235 2041 364 2112 proculi
384 2041 521 2098 solatium
541 2032 575 2112 fd
597 2040 713 2108 laboris,

61 2169 165 2232 ducta
188 2190 229 2231 ex
242 2169 488 2234 Pseudoseneca
510 2169 552 2233 de
574 2170 718 2252 moribus
740 2175 759 2251 ἕ
774 2170 826 2234 80.
842 2169 894 2234 55.
910 2169 968 2253 563
992 2176 1068 2231 ante
1083 2191 1116 2230 v.
1134 2170 1171 2232 17
1175 2168 1210 2230 8:

151 2271 254 2335 Fuctu
283 2271 425 2355 (emend.
455 2271 566 2358 Ficta)
603 2275 660 2336 cito
690 2275 734 2337 ud
759 2277 912 2336 uuturuuc
939 2293 1031 2335 sucus
1059 2272 1210 2351 reciduat,

60 2374 238 2460 desumpta
261 2397 303 2436 ex
325 2372 449 2438 Seneca
472 2372 513 2459 de
535 2373 627 2437 clem.
654 2377 687 2456 1,
714 2376 746 2456 1,
770 2374 806 2457 63
830 2382 904 2460 post
928 2395 958 2435 v.
982 2373 1044 2436 221
1068 2372 1210 2438 Pseudo·

59 2498 133 2539 sen.
151 2476 192 2539 de
214 2498 294 2540 rnor.
309 2477 363 2559 48,
387 2475 527 2561 denique
549 2486 624 2562 post
646 2499 677 2543 v,
693 2475 756 2540 252
771 2474 971 2540 Pseudosen.
995 2475 1037 2537 de
1058 2497 1138 2539 mor.
1156 2476 1208 2539 68.

58 2578 115 2641 69.
141 2578 191 2641 72.
216 2578 266 2641 72.
289 2578 340 2641 62.
364 2579 415 2642 63.
439 2578 490 2642 64.
1103 2570 1109 2576 .

94 2694 97 2699 ’
151 2679 257 2758 Quam
290 2679 494 2767 interpolatis
528 2678 695 2744 codicibus
728 2702 805 2742 usus
843 2679 887 2743 sit
920 2676 1049 2742 saeculo
1083 2678 1209 2744 decimo

58 2782 162 2846 tertio
177 2782 348 2846 Visentius
365 2781 618 2863 BellovaoensiS,
643 2803 685 2844 ex
707 2769 844 2869 speculo.
861 2780 1036 2846 doctrinali
1057 2781 1134 2844 licet
1157 2804 1208 2846 co-

56 2904 234 2979 gnoscere.¹
274 2884 430 2968 Legimus
455 2885 540 2948 enim
564 2906 649 2970 spec.
674 2882 706 2947 d.
729 2885 760 2966 5,
778 2884 819 2948 43
842 2884 928 2947 inter
953 2882 1127 2969 proverbia
1151 2885 1207 2949 Sa-

56 2986 210 3072 pientum
234 2985 291 3072 (cf.
314 3009 413 3073 supra
435 3010 490 3072 pg.
513 2987 553 3050 21
578 2987 676 3070 extr.)

374 3127 554 3188 Consuetudo
577 3134 617 3188 cst
639 3130 730 3188 ultcru
751 3133 870 3198 nutura,

57 3280 147 3345 quae
163 3257 264 3322 verba
279 3280 339 3322 nec
354 3260 518 3323 senarium
533 3258 679 3346 implent,
699 3280 763 3322 ,nec
778 3258 915 3323 Publilii
930 3261 1016 3343 sunt,
1041 3259 1099 3323 sed
1115 3260 1207 3324 Cice-

55 3361 152 3425 ronis
175 3361 216 3423 de
238 3360 293 3423 fin.
309 3362 340 3443 5,
356 3361 406 3426 25.
450 3360 543 3424 Idem
563 3362 685 3425 erravit
701 3360 813 3455 codice
829 3352 984 3448 deeeptus
1000 3384 1086 3448 spec.
1103 3362 1206 3427 doctr.

55 3465 90 3544 4,
112 3462 188 3526 165:
213 3461 267 3525 Eu
281 3485 371 3544 proc.
388 3463 464 3545 Sap.
484 3464 588 3528 Tcuuc
609 3465 807 3528 ucuducc'uru
826 3465 970 3544 perlucet,
993 3467 1023 3528 37
1044 3466 1208 3546 ddc'pcutcr

55 3566 243 3646 arrapennis,
267 3565 299 3627 e‘t
322 3586 407 3650 spec.
431 3565 535 3631 doctr.
559 3567 590 3648 4,
613 3566 671 3629 56:
696 3565 750 3628 Eu
765 3587 856 3646 prou.
880 3565 955 3648 Sep.
980 3565 1075 3630 Iutus
1097 3569 1207 3631 ouuc'c

56 3667 231 3730 dlssduc'lc'u
253 3669 325 3745 siut,
346 3668 437 3747 firous
453 3669 572 3750 populo
594 3673 699 3732 uestro
721 3669 893 3747 corcucuc'ut,
914 3667 1046 3751 ignarus
1063 3667 1206 3732 Senecae

56 3767 119 3832 illa
142 3789 228 3851 esse,
253 3768 348 3854 epist.
372 3769 429 3852 79,
455 3769 494 3832 18
518 3779 549 3832 et
571 3770 608 3853 5,
631 3770 666 3852 2,
691 3770 778 3856 quod
802 3777 877 3833 ante
907 3792 978 3833 eum
1001 3770 1067 3833 iam
1090 3754 1206 3842 Ioanni

56 3869 303 3935 Saresberiensi
325 3872 488 3935 acciderat
510 3873 604 3958 epist.
628 3872 693 3936 vol.
716 3871 762 3934 Π.
785 3895 840 3958 pg.
856 3872 917 3937 257
942 3871 1095 3937 editionis
1119 3873 1205 3938 Oxo-

54 3973 200 4035 niensis:
224 3972 315 4037 luctu
330 3971 490 4055 Supdcutc‘s
505 3975 638 4038 edictum
654 3973 832 4058 (7737777772),
849 3974 956 4039 From
965 3977 1203 4058 populc'uostrc

54 4076 231 4152 corcuculut,
255 4076 341 4138 tutus
363 4077 471 4139 curule
494 4077 662 4140 dissimulis
683 4077 754 4139 siut.
833 4077 836 4083 ’
1191 4137 1195 4142 ,

145 4175 236 4238 Haeo
259 4175 425 4240 sufficiant
447 4175 488 4239 de
510 4176 613 4239 initiis
636 4177 906 4264 interpolationis.
945 4176 1080 4242 Saeculo
1095 4188 1202 4263 autem

52 4278 186 4341 decimo
210 4286 325 4364 quarto
349 4300 418 4340 eam
441 4301 506 4343 non
529 4288 594 4341 tam
617 4280 716 4343 arctis
739 4279 859 4345 finibus
883 4302 918 4343 se
941 4263 1140 4344 continuisse
1155 4281 1202 4343 fa-

50 4377 120 4443 cile
137 4377 328 4465 explicatur.
373 4380 553 4445 Excitabat
566 4383 639 4468 ipsa
654 4383 887 4446 sententiarum
902 4374 1070 4468 inscriptio
1092 4383 1202 4448 ‘Sene-

51 4503 116 4561 cae
139 4482 328 4568 proverbia’
352 4481 512 4567 librarioS,
536 4493 573 4549 ut
595 4506 637 4547 ex
659 4484 803 4551 Senecae
819 4484 918 4560 libris
942 4483 1007 4553 alia
1028 4484 1201 4574 adderent,
