3014 5116
498 389 771 448 enonneou'n'ut.
969 399 973 407 ·
1168 378 1206 448 19

55 550 145 618 Nam
175 551 252 617 inde
279 553 320 617 ab
350 539 413 617 illo‘
433 552 561 618 saeculo
584 554 693 617 omnia
716 563 747 617 et
774 552 1060 641 interpolationum
1083 564 1115 619 et
1137 577 1205 618 cor-

54 656 260 743 ruptelarum
283 677 403 740 genera
424 655 506 720 adeo
530 655 753 738 invaluerunt,
777 666 812 720 ut
834 656 1044 720 diversitates
1068 656 1205 743 scriptu-
1276 710 1279 711 γ

54 781 115 822 rae
138 757 284 821 indicare
306 757 403 821 nimis
425 756 598 835 molestum
619 759 672 821 sit.
715 759 761 822 Ut
783 767 891 821 tamen
914 759 1071 842 exiguum
1091 758 1206 832 saltem

57 859 149 925 illius
173 861 390 946 corruptionis
414 859 547 923 daretur
564 837 745 945 ¹specimen,
769 859 1006 947 discrepantias

148 962 202 1046 10)
226 961 382 1025 codicis
411 961 590 1025 Parisini
620 960 674 1024 lat.
701 961 785 1047 8049
808 960 864 1048 (0)
893 984 951 1047 per
979 971 1123 1026 saturam
1151 962 1204 1025 de-

57 1075 191 1151 cerptas
214 1065 248 1126 in
270 1063 512 1127 adnotationem
528 1064 675 1126 criticam
690 1065 881 1150 recepimus.
926 1064 959 1127 is
976 1065 1091 1146 codex,
1106 1087 1204 1127 ntem·

58 1166 250 1247 branaeeuS,
275 1187 316 1228 ex
332 1163 554 1251 compluribus
570 1163 735 1228 fasciculis
751 1167 961 1252 compositus,
982 1166 1207 1255 complectitur

58 1267 209 1331 Persium
238 1289 310 1330 cum
334 1265 483 1349 scholiis,
515 1252 721 1350 Petronium,
751 1266 916 1331 Ciceronis
941 1269 982 1331 de
1004 1267 1207 1332 divinatione

58 1369 279 1454 fragmentum
310 1367 437 1432 saeculo
466 1358 592 1433 decimo
621 1378 806 1452 exaratum3
828 1370 874 1432 'in
902 1368 1025 1433 ultimis
1048 1369 1205 1434 duodevi-
1274 1393 1277 1399 ‘

58 1473 146 1556 ginti
168 1470 256 1536 l'oliis
280 1470 374 1535 homo
397 1470 515 1555 aliquis
539 1470 655 1535 doctus
678 1469 807 1535 saeculo
829 1471 898 1534 fere
920 1470 1020 1534 XIII.
1044 1493 1085 1534 ex
1108 1471 1206 1536 Sene-

59 1595 119 1636 cae
134 1574 340 1659 potissimum
356 1571 507 1656 dialogis,
531 1572 691 1658 epistulis,
713 1573 903 1658 tragoediis,
920 1596 962 1636 ex
978 1575 1206 1639 controversiis

60 1676 204 1740 Senecae
227 1675 345 1760 patris,
375 1696 417 1737 ex
439 1673 523 1737 libro
546 1674 587 1737 de
609 1673 769 1758 moribus,
794 1696 836 1738 ex
857 1674 999 1738 Caecilio
1021 1674 1141 1758 Balbo,
1166 1699 1207 1739 ex

60 1778 197 1841 Catonis
226 1776 455 1858 monostichis,
486 1776 626 1862 denique
655 1799 697 1840 ex
719 1775 862 1856 Publilio
879 1777 1057 1861 ingentem
1079 1788 1206 1842 senten·
1298 1812 1301 1813 ⁷

58 1873 180 1942 tiarum
201 1878 401 1962 farraginem
423 1878 560 1942 corrasit
582 1899 700 1964 easque
724 1917 758 1926 —
783 1901 917 1943 numero
941 1878 1005 1942 duo
1026 1879 1095 1942 fere
1116 1877 1207 1943 milia

61 2020 99 2028 —
125 1981 168 2045 ad
196 1980 343 2044 ordinem
372 1979 539 2066 alphabeti
567 1980 716 2064 digessit.
760 1979 896 2044 Publilii
923 1983 1102 2045 sententiae
1123 1980 1207 2044 aliae

58 2084 104 2145 ad
126 2082 299 2146 arbitrium
322 2083 521 2164 immutatae,
545 2082 764 2147 subobscurae
781 2076 812 2146 et
828 2085 1045 2169 corruptiores
1060 2083 1224 2148 consulto

1 2189 5 2194 ’
59 2186 216 2266 omissae,
245 2183 330 2247 aliae
358 2184 499 2269 denique
526 2207 585 2271 pro
612 2183 742 2249 modulo
766 2193 798 2248 et
824 2185 956 2268 ingenio
985 2185 1125 2250 hominis
1147 2184 1207 2249 lin-

59 2308 145 2372 guae
167 2285 287 2349 latinae
310 2309 375 2350 non
398 2287 559 2374 imperiti,
583 2285 640 2349 sed
664 2287 770 2350 invita
791 2285 965 2372 pleraeque
987 2278 1144 2351 Minerva
1159 2309 1207 2373 re·

58 2389 155 2452 fictae
181 2397 266 2453 sunt.
654 2400 656 2404 ’

147 2490 307 2554 Ultimum
337 2511 552 2555 commemoro
588 2491 641 2578 ll)
666 2490 842 2554 codicem
872 2489 1206 2574 Bambergensem

17 2633 19 2635 .
60 2591 183 2655 saeculi
199 2591 299 2655 XIII.
322 2612 342 2654 a
365 2590 528 2656 Gulielmo
550 2592 686 2679 Meyero
708 2591 855 2678 Spirensi
877 2591 1129 2676 diligentissime
1152 2593 1206 2655 de-

60 2697 220 2780 scriptum
243 2693 389 2775 etmihi,
413 2716 477 2778 qua
498 2693 554 2757 ille
578 2703 627 2770 est
649 2693 865 2775 officiositate,
889 2694 1126 2777 transmissum,
1147 2695 1206 2767 ¹sed

59 2798 109 2860 ita
135 2805 339 2882 corruptum,
369 2804 406 2860 ut
434 2795 649 2860 deterioribus
678 2795 771 2859 libris
801 2797 844 2860 sit
871 2786 1150 2861 adnumerandus:
1180 2799 1208 2860 si

61 2920 128 2985 qua
150 2899 243 2962 offert
265 2899 424 2983 speciosa,
448 2897 535 2961 haud
559 2896 658 2960 dubie
680 2919 788 2960 merae
811 2899 1017 2962 coniecturae
1037 2896 1207 2962 debentur.
1254 2923 1256 2928 ·

60 3000 158 3079 Quae
179 2999 261 3063 mihi
283 3000 347 3064 fuit
370 3021 469 3063 causa
491 3001 571 3064 satis
593 2999 732 3081 idonea,
745 3021 802 3063 cur
821 3000 856 3062 in
870 2999 1081 3063 adnotatione
1096 3002 1209 3064 critica

1 3108 4 3111 ’
59 3102 267 3188 paucissimis
291 3102 520 3166 tantumloeis
544 3103 613 3165 eius
639 3101 781 3165 facerem
803 3103 1013 3168 montionem.
1058 3102 1207 3167 Prudens

59 3202 192 3268 silentio
223 3205 430 3289 praetermisi
464 3201 609 3267 codicem
643 3202 811 3267 Cusanum
844 3201 967 3267 saeculi
996 3203 1077 3268 XII.
1112 3225 1206 3290 quem

59 3305 236 3392 descripsit
251 3305 273 3369 J
275 3305 415 3391 osephus
431 3304 531 3368 Klein
546 3305 581 3368 in
595 3304 679 3369 libro
695 3306 853 3390 inscripto
870 3304 993 3369 ‘Uebcr
1008 3307 1081 3369 eine
1093 3304 1206 3369 Hand-

60 3406 181 3471 sehrift
212 3405 268 3469 des
298 3405 453 3471 Nicolaus
482 3429 549 3472 von
572 3407 673 3491 Cues,
701 3405 808 3470 Berol.
835 3407 939 3489 1866’,
969 3408 1052 3471 sicut
1080 3407 1209 3472 codices

59 3509 229 3599 Parisinus
258 3510 385 3596 aliquos
415 3507 538 3572 saeculi
560 3491 655 3572 XIV.
677 3509 754 3594 quia
781 3508 894 3571 critico
920 3505 1003 3571 nihil
1026 3530 1069 3572 cx
1095 3510 1136 3573 iis
1159 3531 1207 3571 re·
1281 3497 1283 3502 ¹

59 3610 189 3674 dundat
211 3609 344 3698 lueri*).
388 3610 501 3674 Unum
524 3611 641 3696 excepi
656 3619 754 3695 atque
770 3606 812 3670 ad
828 3605 1039 3673 illustrandos
1055 3631 1088 3673 v.
1104 3610 1208 3674 630-

58 3713 121 3776 651
147 3712 181 3775 iu
203 3722 311 3799 partes
334 3714 457 3777 vocavi·
873 3768 875 3771 .

148 3814 201 3900 12)
227 3813 407 3878 codicem
439 3815 667 3878 Parisinum
694 3811 762 3876 lat.
791 3812 892 3894 8027,
925 3813 1208 3876 membranaceum

59 3914 185 3978 sacculi
202 3916 296 3980 XIV.
315 3917 380 4002 (a),
403 3916 491 3980 haud
513 3917 667 4001 ignorans
692 3916 759 3978 eius
783 3917 1011 3979 auctoritatem
1034 3915 1208 3979 admodum

58 4040 133 4082 esse
157 4027 351 4104 suspectam.
397 4018 614 4081 Continentur
638 4018 723 4080 cnim
746 4014 802 4080 fol.
818 4016 860 4080 89
875 4039 923 4102 sq.
948 4018 1090 4081 Senecae
1113 4016 1209 4080 ‘liber

57 4119 102 4182 de
130 4118 274 4184 moribus
304 4119 358 4183 rel
386 4119 560 4206 disciplina
588 4141 646 4191 seu
672 4116 774 4181 libero
797 4118 946 4183 arbitrio'
977 4129 1009 4182 et
1038 4117 1208 4182 ‘Eiusdem

129 4273 157 4340 *)
177 4275 307 4326 Codicem
325 4276 441 4326 Publilii
460 4276 658 4327 sententiarum
678 4273 789 4325 saeculo
807 4275 841 4328 X.
860 4276 1005 4341 scriptum,
1025 4275 1072 4340 qui
1089 4289 1162 4326 nunc
1180 4274 1208 4323 in

56 4360 232 4411 bibliotheca
251 4363 333 4412 Firm.
353 4361 461 4411 Didotii
479 4365 651 4422 asservatur,
677 4365 870 4410 commemoret
888 4359 992 4411 Theod.
1012 4358 1223 4423 Mommsenus,

55 4446 131 4496 urus.
152 4446 239 4497 suen.
259 4445 312 4496 vor.
333 4434 433 4496 xvur.
453 4462 498 4512 pg.
517 4448 581 4513 sss.

970 4534 1004 4580 2.
