3044 5124
537 399 584 446 nn
607 398 771 448 neamus.
1166 387 1227 452 139

97 559 151 618 32.
175 553 250 616 Non
272 551 366 616 vives
389 550 485 617 aliter
506 551 541 615 in
563 551 645 635 foro,
668 551 764 616 aliter
785 554 820 617 in
843 553 1029 618 solitudine.

95 662 147 720 33.
170 652 262 719 Nihil
290 663 379 740 petes
409 651 496 740 quod
523 661 701 738 negaturus
730 653 840 739 fuisti3
868 654 952 720 nihil
980 656 1117 742 negabis
1140 659 1226 743 quod

173 757 336 843 petiturus
359 754 463 820 fuisti.

93 864 149 924 34.
172 858 291 921 Pacem
314 879 388 921 cum
409 856 595 922 hominibus
618 857 767 942 habebis,
794 857 916 923 bellum
938 881 1012 924 cum
1036 860 1139 926 vitiis.

93 967 147 1026 35.
171 959 245 1024 Hoc
267 958 367 1025 habet
389 960 493 1024 omnis
515 959 680 1034 adfectus,
709 969 746 1024 ut
768 961 803 1024 in
825 959 913 1047 quod
935 961 1007 1048 ipse
1028 963 1168 1046 insanit,
1190 964 1225 1028 in

173 1063 261 1126 idem
284 1062 382 1126 etiam
405 1071 529 1126 ceteros
552 1070 646 1149 putet
668 1061 787 1126 furere.

93 1174 148 1231 36.
171 1165 354 1231 Maximum
381 1165 416 1228 in
445 1186 482 1229 eo
510 1164 628 1230 vitium
657 1173 721 1248 est,
757 1165 814 1250 qui
841 1187 906 1230 non
934 1164 1123 1231 melioribus
1153 1165 1225 1231 vult

172 1265 311 1354 placere,
339 1265 398 1330 sed
422 1267 583 1354 pluribus.

92 1377 146 1434 37.
172 1368 280 1435 Siris
303 1369 454 1433 omnibus
478 1389 550 1434 esse
571 1377 678 1453 notus,
701 1369 792 1455 prius
817 1369 911 1435 effice
932 1377 969 1434 ut
984 1371 1148 1436 neminem
1163 1393 1221 1436 no-

174 1471 272 1534 veris.

93 1582 146 1640 38.
170 1573 298 1637 Bonum
320 1582 457 1638 estnon
479 1572 617 1656 laudari,
641 1573 699 1639 sed
723 1594 795 1639 esse
817 1572 1025 1639 laudabilem.

91 1683 144 1742 39.
168 1674 336 1741 Morieris:
360 1673 495 1740 stultum
519 1684 569 1740 est
591 1676 718 1759 timere,
741 1676 828 1762 quod
850 1677 955 1740 vitare
977 1698 1044 1741 non
1066 1678 1183 1764 possis.

91 1784 146 1843 40.
169 1775 257 1842 Male
279 1776 321 1841 de
342 1785 376 1842 te
398 1777 574 1863 opinantur
594 1776 754 1862 homines,
779 1777 837 1843 sed
859 1776 947 1842 mali.
989 1777 1087 1843 Malis
1110 1777 1225 1866 displi-

168 1900 241 1943 cere
263 1887 314 1943 est
336 1876 474 1944 laudari.

88 1987 142 2047 41.
165 1978 253 2046 Male
268 1980 309 2045 de
324 1989 357 2045 te
371 1979 548 2069 loquuntur
562 1981 727 2047 homines:
749 1983 833 2048 bene
849 1984 935 2047 enim
951 1982 1041 2069 loqui
1054 1982 1220 2047 nesciunt.

167 2083 307 2148 Faciunt
328 2105 393 2148 non
416 2084 503 2171 quod
526 2105 651 2150 mereor
673 2106 743 2170 ego,
768 2086 825 2149 sed
848 2085 935 2174 quod
958 2085 1063 2150 solent
1085 2085 1158 2171 ipsi.

89 2190 142 2251 42.
165 2185 325 2251 Homines
349 2184 390 2250 de
412 2194 445 2250 te
466 2185 550 2250 male
564 2187 756 2274 loquuntur:
780 2189 809 2252 si
823 2189 951 2271 merito,
975 2186 1063 2275 quod
1082 2186 1217 2273 loquun-

168 2296 222 2353 tur
248 2311 313 2353 non
340 2287 511 2355 molestum
540 2299 605 2375 est,
635 2290 693 2355 sed
716 2291 804 2377 quod
831 2313 896 2356 non
918 2291 1138 2373 mentiuntur3
1171 2291 1223 2354 sin

169 2389 341 2473 immerito,
365 2391 551 2456 innocentia
573 2413 646 2456 mea
667 2415 753 2458 nunc
775 2394 917 2458 maxime
932 2392 1070 2479 gaudeo.
1108 2391 1219 2480 Appa-

169 2500 220 2556 ret
242 2494 329 2557 enim
351 2492 424 2560 illos
447 2494 631 2560 obiecturos
654 2517 742 2581 vera,
767 2497 795 2560 si
818 2505 961 2585 possent.

159 2790 199 2848 32
223 2793 251 2848 in
267 2791 424 2866 solitudine,
441 2792 519 2849 aliter
534 2794 561 2849 in
578 2793 638 2850 loro
655 2796 738 2868 culpo
854 2793 893 2851 33
916 2789 1024 2868 *petes
1040 2797 1149 2867 scripsi
1163 2796 1222 2852 coit

71 2877 113 2933 23
131 2875 291 2948 abstinebis,
310 2877 351 2935 30
365 2877 531 2952 praestabis,
548 2878 587 2935 31
604 2879 752 2951 devitabis,
769 2877 808 2936 32
826 2878 910 2951 vives,
926 2878 966 2936 33
983 2878 1107 2953 negabis,
1124 2878 1164 2936 34
1179 2879 1226 2934 ha·

69 2960 163 3018 bobis:
179 2969 256 3036 petas
273 2964 386 3020 codices
455 2962 495 3021 35
520 2963 627 3020 Concil.
647 2964 756 3021 anon.
771 2965 815 3021 ΙΙ.
833 2981 900 3039 οαη.1
916 2964 954 3021 14
971 2961 1055 3020 ‘sicut
1072 2966 1108 3020 ait
1124 2963 1227 3020 Seneca

25 3083 29 3089 -
70 3047 220 3121 pessimum
243 3048 270 3102 in
294 3063 327 3104 eo
349 3049 444 3103 vitium
465 3064 525 3104 esse
548 3049 595 3122 qui
616 3050 644 3104 in
664 3049 692 3104 id
709 3066 762 3124 quo
779 3051 879 3106 insanit
893 3058 1000 3106 ceteros
1017 3055 1096 3123 putat
1111 3048 1224 3105 lurcrc’.

73 3130 159 3199 Quae
182 3136 324 3189 sententia
346 3150 410 3189 cum
431 3149 470 3190 ex
492 3132 530 3205 §8
548 3132 598 3191 35.
615 3133 654 3191 36
678 3138 714 3191 sit
737 3138 882 3208 confiat,
848 3154 866 3191 n
904 3138 1049 3210 coliipiinr
1064 3151 1122 3192 non
1137 3138 1227 3192 solum

71 3215 361 3274 anno567nostrnm
375 3219 500 3274 libellum
517 3218 646 3276 Senecae
662 3224 775 3276 nomine
791 3221 1055 3295 ruparnmsnisse,
1072 3221 1225 3276 sedetiam
1270 3228 1274 3234 '

68 3303 293 3374 proverbiorum
308 3305 462 3360 ordinem
451 3320 509 3359 ram
526 3310 584 3361 inm
595 3305 693 3398 fuisse
708 3307 828 3362 eundem
914 3305 954 3363 36
979 3306 1024 3378 Cf
1041 3305 1227 3362 Antisthenes

73 3404 122 3458 ap.
139 3386 221 3462 Diop.
239 3388 337 3444 Laert.
354 3387 389 3460 6,
407 3376 573 3464 1,8πρὸς
594 3376 648 3444 riv
668 3379 792 3444 εἰπόντα
814 3386 944 3444 ‘Hortor
956 3401 989 3445 σε
1004 3381 1172 3445 ἕπαινοῦσι’
1192 3384 1230 3444 Ti

75 3461 143 3546 γάρ,
160 3464 230 3544 ἔφη,
246 3460 339 3528 κακὸν
356 3468 520 3546 mancinum
587 3473 626 3530 37
651 3473 734 3530 Siris
751 3475 792 3531 Gb
808 3482 839 3531 ni
854 3475 872 3546 S
888 3473 942 3529 24:
959 3475 1073 3546 suusS,
1089 3476 1128 3530 vis
1145 3477 1227 3549 vnlpo

162 3557 201 3614 38
226 3554 286 3633 sed]
303 3566 331 3614 et
347 3561 385 3614 nl.
485 3558 524 3616 39
551 3559 676 3616 Totidem
692 3561 787 3616 verbis
802 3559 869 3616 Sen
886 3561 920 3615 de
936 3561 1042 3616 remed.
1056 3559 1128 3630 sort.
1146 3557 1181 3629 2,
1198 3559 1226 3615 3.

78 3641 122 3714 Cf.
140 3646 287 3700 senorr'nm
302 3643 389 3700 Pron.
409 3643 480 3716 100,
494 3662 542 3718 pp.
564 3644 639 3716 107,
662 3650 689 3700 et
709 3643 792 3717 infra
814 3644 932 3716 §114⁰⁸
1019 3643 1061 3701 40
1084 3643 1135 3700 En
1153 3602 1227 3700 libro

73 3728 109 3782 de
125 3730 231 3785 remed.
244 3728 478 3800 fortuitornm7,
495 3730 510 3785 1
592 3724 705 3807 laudari]
722 3729 855 3786 laudabile
871 3731 909 3785 ai.
928 3728 996 3785 Sen.
1013 3730 1048 3785 de
1066 3731 1123 3785 rito
1139 3730 1225 3785 beata

77 3809 135 3884 23,
151 3812 171 3867 4
193 3810 292 3869 mini
284 3829 335 3870 iarn
343 3813 441 3888 ,quod
458 3821 646 3888 argumentum
662 3823 705 3870 est
720 3816 788 3870 recti
795 3814 956 3889 ,contingit
971 3813 1046 3870 malis
1062 3811 1226 3888 displicere'.

162 3896 201 3952 41
226 3898 413 3988 Desnmptum
429 3900 604 3956 celibrocle
620 3902 753 3957 remediis
766 3857 847 4002 fort,
857 3900 892 3973 7,
910 3899 938 3956 2.
984 3899 1027 3992 Cf.
1047 3899 1123 3955 Stob.
1140 3902 1227 3972 (lorii.

77 3982 128 4077 13,
141 3981 159 4038 5
177 3970 305 4038 Πλάτων
321 3969 578 4057 λοιδορούμενος
562 3972 623 4039 υπό
638 4000 718 4052 τινος
730 3978 847 4060 Λέγε,’
836 3979 908 4061 ἐφη,
925 3980 1036 4053 κακῶς,
1049 3975 1112 4038 ἐπεὶ
1128 3981 1225 4050 καλῶς

76 4054 133 4122 οὐκ
148 4060 259 4140 ἔμαθες
345 4085 451 4125 mereor
466 4086 519 4144 ego
536 4069 596 4126 Ga.-
617 4086 724 4126 mereor
740 4070 782 4126 his
799 4070 850 4142 Gb,
867 4069 1027 4127 merlarisS
1112 4067 1152 4124 42
1176 4070 1227 4126 Ee

75 4154 150 4209 libro
170 4155 206 4209 cle
227 4155 334 4210 remed
354 4154 427 4226 fort
444 4155 479 4226 7,
495 4154 524 4211 3
570 4153 606 4210 In
626 4157 686 4226 fine
707 4156 793 4212 nurus
805 4156 995 4230 pnrnprcphi
1012 4154 1052 4210 Οὐ
1068 4155 1226 4228 subinnpit:

76 4253 145 4308 Male
159 4253 192 4310 cle
207 4262 235 4310 te
250 4254 401 4330 loquuntur
415 4255 550 4313 homines.
575 4255 602 4311 R.
617 4253 646 4327 (i.
659 4272 684 4312 e.
698 4259 841 4332 responsio
858 4260 903 4315 rel
917 4258 1009 4313 simile
1024 4253 1103 4329 qnid)
1120 4254 1226 4346 gaudeo
1272 4267 1278 4277 ’

76 4357 99 4411 si
121 4357 305 4429 mentiuntur,
327 4357 407 4414 doleo
428 4359 452 4413 si
467 4374 529 4414 vera
544 4352 661 4416 dicunt(
691 4357 758 4416 liele
774 4358 807 4415 dc
823 4366 851 4415 te
866 4358 1018 4437 loquuntur
1033 4358 1166 4419 homines.
1195 4357 1225 4417 ll.

76 4440 142 4497 rium
158 4457 201 4498 rue
217 4441 346 4517 lacerant,
361 4461 392 4501 se
407 4443 552 4503 maculant.
