3014 5116
519 413 793 467 ruocnoounm.
1185 399 1227 463 43

79 567 193 631 nensis
217 583 260 631 ex
281 566 426 654 pleniore
449 566 627 654 exemplari
642 567 740 631 ducti
758 589 839 651 csse,
862 566 980 654 reliqui
996 569 1229 632 sententiarum
1265 584 1268 591 ‘

80 669 224 757 amplius
248 679 379 734 centum
400 673 559 734 iacturam
580 670 708 735 fecisse.
865 663 867 667 ¹

168 771 353 837 Occurrunt
375 781 484 836 tamen
500 771 613 854 multa,
637 775 719 858 quae
735 771 920 854 admonent,
943 781 980 836 ut
995 768 1229 859 circumspecto

81 874 207 939 iudicio
236 882 380 938 utamur:
411 896 443 938 v.
466 875 506 938 37
529 873 572 937 ad
594 873 732 938 verbum
755 875 842 938 idem
865 883 915 938 est
937 896 1010 938 cum
1033 873 1230 943 Terentiano
1274 907 1276 910 >

80 977 230 1041 Andriae
252 977 283 1059 3,
306 978 337 1059 3,
360 975 624 1060 2316111684,
647 975 775 1040 litterae
796 977 831 1040 B
851 975 996 1059 ultimus,
1020 979 1157 1041 omissus
1181 986 1231 1041 est

80 1080 116 1142 in
146 1067 397 1144 Vindobonensi
430 1087 462 1142 et
491 1077 534 1141 ad
560 1077 740 1142 Martinum
772 1078 986 1142 Dumiensem
1019 1077 1228 1162 referendus3

82 1190 253 1268 suspectus
279 1182 351 1267 ipse
371 1179 478 1262 locus,
508 1202 571 1266 quo
593 1180 627 1243 in
649 1181 685 1242 F
689 1181 720 1246 V
736 1178 786 1244 illi
808 1201 922 1244 versus
945 1181 1119 1267 perscripti
1142 1190 1228 1263 sunt,

82 1284 118 1346 in
147 1283 211 1346 fine
239 1281 366 1349 scilicet
395 1280 576 1346 litterarum
599 1281 726 1346 a-M.
771 1283 944 1346 Praeterea
966 1283 1000 1345 in
1022 1280 1083 1345 hac
1106 1282 1229 1346 codicis

82 1385 307 1470 Frisingensis
335 1382 524 1471 appendice
543 1393 609 1472 tres
633 1393 802 1448 recurrunt
831 1385 1028 1466 sententiae,
1056 1407 1136 1471 quas
1160 1405 1228 1447 eas-

83 1469 160 1550 dem
188 1485 342 1551 librarius
371 1487 437 1549 iam
460 1508 558 1573 supra
580 1488 771 1574 scripserat:
800 1510 833 1550 v.
856 1487 897 1551 89
919 1487 1077 1571 integrior
1099 1474 1174 1550 ante
1196 1507 1229 1548 v.

81 1589 156 1674 107,
180 1611 211 1653 v.
238 1588 298 1652 182
321 1587 523 1654 emendatior
544 1597 619 1676 post
640 1611 672 1651 V.
699 1589 769 1672 193,
793 1611 825 1651 v.
841 1590 903 1653 248
926 1590 1055 1670 iterum,
1079 1587 1137 1652 sed
1160 1610 1229 1651 cor-

68 1700 197 1779 ‚ruptus
221 1689 341 1775 legitur
364 1700 436 1777 post
452 1714 483 1755 v.
499 1691 572 1755 262.
617 1689 710 1755 Alias
727 1691 905 1754 sententias
927 1692 961 1754 in
977 1688 1144 1753 codicibus
1160 1712 1228 1753 mu-

81 1793 187 1857 tilatis
215 1801 362 1856 servatas
392 1792 500 1857 scriba
523 1792 761 1877 Frisingensis,
792 1815 871 1856 cums
892 1793 960 1856 suis
989 1790 1068 1855 locis
1092 1814 1172 1878 quos
1195 1793 1229 1854 in

81 1894 151 1958 illis
173 1894 322 1983 obtinent
343 1893 552 1978 neglegentia
573 1895 825 1980 praetermisset,
849 1893 925 1957 huic
947 1893 1122 1979 appendici
1144 1894 1250 1957 inse?

81 1999 166 2079 ruit,
196 2019 229 2059 v.
251 1997 291 2059 47
321 1995 407 2058 111161
434 2018 466 2058 v.
492 1997 532 2059 79
555 2005 587 2060 et
610 1997 666 2078 80,
696 2019 728 2060 v.
752 1997 813 2059 217
843 1997 930 2060 inter
960 2018 991 2057 r.
1015 1996 1078 2059 225
1101 1995 1228 2076 61226,

82 2122 115 2161 v.
140 2099 201 2161 241
224 2099 311 2161 111161Ι
333 2120 364 2160 v.
388 2097 451 2162 263
474 2098 601 2181 61264,
629 2098 908 2162 1233111611.
931 2097 994 2161 276
1018 2105 1050 2160 61
1071 2098 1144 2161 277.

170 2200 205 2265 Si
233 2200 374 2285 denique
403 2219 556 2285 quaeras,
586 2223 663 2264 num
691 2194 726 2264 se
754 2198 981 2264 commendent
1009 2201 1098 2285 ipsae
1120 2197 1231 2287 lepore

81 2312 139 2366 aut
162 2300 294 2365 dicendi
316 2323 453 2386 genere,
477 2300 573 2386 longe
595 2301 751 2388 plurimas
775 2301 955 2384 simillimas
979 2323 1050 2364 csse
1072 2300 1229 2364 Publilia-

83 2405 135 2467 nis
165 2403 263 2466 sacile
291 2401 534 2468 concedendum
558 2412 624 2485 est,
653 2403 700 2466 ita
721 2413 849 2485 tamen,
878 2412 914 2467 ut
935 2386 1108 2467 nonnullae
1130 2395 1229 2467 inter-

82 2514 235 2589 currant,
258 2527 340 2592 quae
361 2505 577 2592 paraphrases
600 2496 834 2571 sententiarum
856 2507 1064 2569 metricarum
1087 2527 1158 2568 osse
1180 2506 1228 2569 vi·
1280 2544 1282 2548 f

84 2607 235 2671 deantur.
281 2607 455 2671 Sententia·
471 2609 512 2672 83
536 2629 588 2670 ex.
611 2621 667 2692 gri

330 2767 412 2826 Bam
430 2768 536 2850 audire
558 2768 682 2825 altcmm
698 2769 914 2840 patrimonium
935 2771 983 2826 cst.

81 2913 202 2978 ultima
222 2912 349 2978 litterae
371 2915 405 2978 B
426 2915 461 2977 in
484 2913 555 2978 cod.
578 2913 610 2976 V
611 2911 679 2976 ind.
703 2935 800 3000 quam
822 2912 1026 2978 Ribbeckius
1048 2914 1135 2978 inter
1149 2889 1228 2999 'pro-

83 3017 179 3080 batas
201 3015 328 3080 rettulit
350 3017 398 3080 sic
420 3014 624 3079 emendatam

259 3175 340 3239 Bam
364 3170 470 3254 [sculpo]
495 3176 597 3234 cadim
619 3179 660 3233 cst
682 3174 805 3241 ubertum
820 3177 1045 3248 patrimonium,

82 3314 310 3409 interpretatio
337 3323 446 3409 potius
469 3344 501 3385 v.
524 3322 586 3385 217
604 3320 749 3384 dicenda
771 3323 842 3385 erit.
887 3321 939 3385 Of.
966 3344 1078 3386 versus
1105 3344 1231 3409 quoque
1320 3348 1339 3389 η

84 3442 117 3486 v.
144 3424 203 3486 141
233 3432 265 3486 61
287 3446 318 3486 v.
345 3425 421 3507 165,
444 3423 578 3488 ultimus
606 3422 734 3487 litterae
756 3424 798 3490 Ε.
844 3424 955 3503 Quare
982 3426 1030 3487 sic
1059 3425 1228 3488 existimo:
1282 3469 1284 3478 ·

84 3523 358 3590 vindicandas
389 3549 478 3605 esse
510 3525 580 3589 has
614 3526 844 3589 sententias
873 3524 1071 3606 Publilio,
1107 3523 1230 3588 donec

84 3636 154 3692 aut
178 3629 359 3691 externis
382 3637 448 3692 aut
471 3629 646 3693 internis
668 3627 913 3712 argumentis
929 3627 1123 3713 probetur
1140 3649 1229 3689 con-

84 3730 271 3811 trarium3
294 3728 482 3815 praevalere
504 3730 636 3816 quidem
655 3729 953 3816 praesumptionem
968 3729 1103 3812 originis
1119 3727 1229 3792 Publi-

85 3830 212 3913 lianae,
242 3829 300 3894 sed
327 3831 499 3896 librarium
527 3831 649 3896 codicis
674 3831 718 3913 F,
749 3852 823 3893 cum
846 3853 888 3894 ex
910 3831 1037 3896 duobus
1061 3830 1229 3896 codicibus

85 3934 266 3996 sententias
289 3943 488 4015 contexeret,
511 3932 564 3996 hic
586 3931 654 3996 illic
675 3931 803 4018 lapsum
826 3954 907 3997 esse.
1336 4003 1338 4012 Σ

135 4061 141 4071 “
170 4035 206 4120 5)
230 4035 312 4099 Cum
335 4037 530 4102 vetustiores
553 4033 680 4098 codices
704 4036 856 4098 desinant
877 4036 911 4098 in
927 4035 1087 4098 decimam
1102 4045 1229 4099 senten·
1335 4040 1338 4043 ’

85 4140 165 4203 tiam
188 4136 317 4201 litterae
333 4136 375 4216 N,
399 4139 464 4201 iam
486 4146 633 4201 nostrum
650 4139 711 4201 erit
726 4138 924 4220 examinare,
949 4138 1043 4223 quid
1067 4136 1228 4200 censen-
1261 4140 1262 4143 ’

1 4258 3 4260 ’
84 4240 175 4303 dum
205 4240 258 4302 sit
286 4238 331 4301 de
354 4238 543 4308 versibus
566 4239 637 4303 381
662 4261 766 4325 seqq.
813 4238 911 4320 Quod
932 4239 975 4302 ad
997 4238 1080 4302 hanc
1103 4248 1230 4303 senten-

83 4344 204 4406 tiarum
225 4349 351 4427 partem
373 4342 503 4423 attinet,
525 4342 572 4404 ita
592 4339 635 4403 ad
651 4363 809 4404 summam
831 4342 999 4428 penuriam
1023 4339 1229 4427 suppellecti·
1299 4368 1308 4372 ⁴

81 4443 123 4508 lis
153 4443 289 4507 criticae
316 4442 441 4507 redacti
468 4465 596 4526 sumus,
625 4451 661 4506 ut
689 4444 792 4532 omnis
821 4465 919 4506 causa
946 4443 1039 4529 quasi
1060 4465 1125 4507 uno
1148 4451 1231 4508 teste
