3044 5124
426 357 533 428 rurus
555 380 789 430 eonmmmns
812 380 1004 430 nocueris.
1227 367 1287 434 129

220 534 323 600 Nulla
345 545 412 601 tam
436 536 520 600 bona
542 557 642 617 uxor,
674 534 715 598 de
737 558 800 622 qua
821 558 888 600 non
909 537 1058 601 invenias
1083 538 1161 624 quid
1184 541 1286 625 queri.
1408 573 1409 576 ¹

221 636 314 702 Nulli
337 639 495 724 imponas,
520 636 606 722 quod
629 637 700 723 ipse
722 660 787 702 non
809 639 1019 726 possis‘pati.

221 738 359 805 Nullum
388 761 429 803 ex
452 725 601 804 omnibus
631 736 804 804 clementia
831 742 935 825 magis
965 763 1062 828 quam
1092 763 1203 827 regem
1231 753 1287 809 aut

545 839 726 927 praelatum
749 840 852 906 decet.

116 950 195 1008 255
223 942 359 1009 Nullum
382 941 527 1007 laborem
542 953 694 1009 recusant
708 966 824 1008 manus
839 944 881 1009 ab
896 954 1004 1010 aratro
1019 946 1060 1010 ad
1076 968 1166 1010 arma
1181 955 1285 1013 trans·

346 1057 353 1065 “
546 1044 641 1110 latae.

149 1220 153 1223 ,
223 1147 359 1214 Nullum
380 1148 541 1213 morosius
564 1156 615 1212 est
636 1147 757 1212 animal
779 1152 966 1238 maioreque
988 1160 1057 1216 arte
1081 1152 1287 1216 tractandum

546 1271 643 1336 quam
665 1250 777 1316 homo:
803 1260 834 1316 et
856 1253 938 1317 nulli
960 1253 1065 1339 magis
1085 1253 1287 1339 parcendum

546 1373 643 1438 quam
664 1353 799 1418 homini.

222 1453 358 1520 Nullum
382 1455 452 1519 sine
474 1463 718 1519 auctoramento
742 1464 791 1519 est
812 1478 966 1542 magnum
989 1457 1119 1522 malum.

223 1556 344 1622 Nullus
366 1557 551 1643 sapientum
573 1557 733 1643 proditori
756 1558 907 1622 credidit.

222 1660 409 1746 Numquam
432 1657 592 1742 liquidum
616 1660 842 1747 sincerumque
865 1683 908 1724 ex
929 1661 1061 1726 turbido
1085 1663 1186 1726 venit.

123 1769 201 1827 260
223 1761 409 1848 Numquam
433 1782 530 1848 quam
552 1761 676 1845 multis,
699 1761 758 1824 sed
780 1761 932 1848 qualibus
955 1762 1095 1850 placeas,
1120 1766 1224 1829 stude.

223 1864 408 1951 Numquam
431 1864 511 1928 satis
535 1873 594 1945 est,
619 1863 706 1950 quod
728 1865 895 1952 improbae
918 1867 989 1952 spei
1011 1866 1117 1931 datur.
1189 1904 1191 1907 -

223 1965 410 2051 Numquam
433 1987 548 2030 secura
571 1975 619 2030 est
641 1956 744 2053 prava
766 1968 976 2032 conscientia.

222 2068 409 2154 Numquam
431 2068 564 2133 virtutis
586 2066 683 2133 molle
705 2068 934 2134 documentum
957 2077 1017 2134 est.

223 2169 421 2234 Occasiones
443 2192 509 2234 non
530 2169 628 2235 modo
649 2172 773 2258 accipe,
796 2173 914 2258 arripe.

125 2279 198 2336 265
223 2270 290 2335 Odi
312 2273 461 2359 praecoci
482 2271 635 2359 puerulos
659 2274 828 2360 sapientia.

224 2372 290 2438 Odi
313 2375 504 2460 sapientem,
529 2375 585 2460 qui
608 2374 672 2438 sibi
695 2376 759 2462 ipsi
780 2398 846 2440 non
868 2377 965 2462 sapit.

223 2474 345 2540 Omnes
368 2477 470 2541 vitam
494 2476 681 2541 differentes
703 2499 791 2541 mors
813 2479 937 2542 incerta
958 2480 1140 2564 praevenit.

222 2578 328 2642 Omne
349 2578 467 2642 vitium
489 2576 590 2642 habet
612 2580 829 2664 patrocinium
852 2602 956 2643 suum.

223 2679 342 2744 Omnia
369 2702 441 2744 cum
465 2680 598 2745 inimico
622 2683 804 2746 communia
825 2680 978 2764 habebit,
1008 2684 1063 2768 qui
1085 2680 1187 2747 multa
1210 2704 1282 2745 cum

541 2783 681 2849 homine.

132 2891 201 2948 270
225 2857 344 2948 Omnia
367 2883 497 2966 subicit,
522 2886 635 2970 quise
659 2885 779 2951 subicit
802 2885 932 2951 rationi.

222 2987 321 3050 Omni
342 2987 391 3049 rei
412 2985 592 3051 moderatio
616 2998 666 3053 est
687 2987 884 3052 adhibenda.

206 3087 336 3176 .Omnis
361 3087 430 3153 dies
454 3087 545 3153 velut
566 3088 700 3156 ultimus
723 3091 887 3178 putandus
910 3101 970 3156 est.

222 3401 282 3459 252
307 3404 348 3460 Gr
364 3402 391 3458 2.
409 3404 483 3461 Gneo.
498 3404 569 3461 Bulb.
587 3403 656 3461 Mon.
676 3406 725 3478 17,
742 3405 771 3477 2,
787 3422 833 3480 pg.
850 3405 899 3463 26.
915 3404 992 3461 Publ.
1008 3404 1066 3478 Syr.
1084 3424 1107 3460 v.
1124 3405 1186 3462 384

71 3482 75 3486 ’
133 3486 197 3544 253
221 3489 270 3543 Ps.
286 3487 361 3544 Coeo.
378 3489 449 3546 Balb.
467 3491 538 3546 Mon.
558 3490 586 3562 1,
603 3490 652 3562 20,
668 3508 716 3565 pg.
735 3491 773 3547 19
816 3540 817 3545 ,
875 3488 936 3546 254
961 3490 1009 3545 Go.
1027 3489 1089 3544 Sen.
1105 3489 1138 3544 66
1154 3489 1232 3545 olem.
1252 3492 1279 3563 1,

133 3573 200 3643 3,3
288 3573 348 3630 255
374 3575 406 3643 Q.
423 3575 486 3631 Seu.
504 3577 582 3649 epist.
601 3575 686 3647 51,1
726 3608 735 3632 l
774 3574 834 3633 256
860 3566 1294 3646 Go.Sen.deelem.l,17,1'
1340 3567 1341 3570 ’

221 3657 281 3716 257
304 3659 353 3715 Ps.
371 3660 434 3716 Seu.
452 3663 530 3735 epist.
547 3660 597 3733 69,
612 3661 633 3716 4
737 3660 797 3717 258
823 3661 872 3718 Gr.
889 3677 921 3716 cx
938 3659 999 3716 cod.
1014 3659 1097 3715 Pelet.
1115 3660 1189 3716 Coeo.
1206 3659 1278 3715 Rolb.

134 3742 195 3797 Por.
213 3742 243 3816 3,
259 3761 308 3817 pg.
326 3745 377 3817 38,
394 3744 447 3801 Cic.
464 3747 569 3802 Verrin.
590 3746 616 3817 1,
637 3746 684 3818 15,
701 3745 741 3802 38
801 3745 861 3803 259
887 3746 936 3802 Go.
954 3745 1016 3801 Seu.
1033 3744 1066 3800 de
1081 3744 1158 3801 clem.
1176 3745 1205 3816 2,
1218 3745 1278 3816 6,1
1386 3791 1389 3799 ,

220 3828 282 3886 260
304 3831 338 3885 F.
356 3830 392 3886 De
407 3832 583 3887 montiaco
598 3849 684 3904 quum
699 3834 794 3888 multis
880 3831 940 3888 261
964 3831 1012 3886 Ps.
1094 3830 1153 3888 262
1177 3830 1279 3886 Ρε.96

133 3930 202 3968 mor.
220 3913 258 3971 65
276 3915 339 3970 coll.
356 3915 417 3983 Seu.
434 3917 512 3990 epist.
532 3916 602 3989 105,
619 3917 637 3974 8
730 3916 791 3974 263
815 3917 852 3974 R.
869 3917 931 3972 Seu.
949 3916 982 3972 de
995 3915 1100 3991 provid.
1117 3916 1148 3987 4,
1167 3915 1204 3971 12

133 3997 195 4055 264
221 4001 262 4055 Gr
284 3999 311 4054 2.
334 3999 409 4057 Coeo.
432 4000 503 4057 Belb.
528 4001 599 4057 Mon.
623 4001 678 4072 29,
702 4002 736 4073 2,
758 4020 804 4075 pg.
828 4001 884 4075 29,
905 4002 987 4057 Paris.
1010 4002 1044 4074 6,
1065 4019 1111 4077 pg.
1133 4002 1173 4059 38

133 4083 195 4142 265
218 4085 272 4141 Bo.
289 4086 419 4159 Apuleius
435 4087 512 4159 Apol.
530 4086 547 4142 2
641 4086 701 4145 266
724 4088 778 4144 Bo.
796 4087 916 4143 Mennnd.
934 4088 975 4143 cd.
992 4087 1071 4142 Mein.
1086 4105 1114 4160 p.
1132 4086 1193 4144 326

133 4168 194 4226 267
218 4172 253 4225 F.
271 4169 309 4225 61.
333 4187 415 4245 sopra
436 4189 482 4245 pg.
505 4171 556 4243 94,
579 4171 619 4229 26
728 4172 789 4230 268
812 4173 846 4228 F.
869 4172 930 4229 Seu.
955 4173 1034 4246 epist.
1060 4170 1172 4244 116,2

132 4254 193 4311 269
220 4255 251 4324 O.
269 4255 331 4312 Seu.
348 4259 427 4330 epist.
444 4257 530 4328 47,3
601 4257 663 4314 270
686 4258 718 4326 Q.
736 4259 783 4331 qui
798 4275 850 4313 scr.
867 4257 946 4314 Omu.
964 4259 1019 4314 sibi
1033 4260 1097 4330 qui;
1119 4255 1182 4311 Sen.
1198 4258 1277 4330 epist.
1348 4289 1351 4295 ·

130 4339 226 4412 37,4
249 4339 366 4396 ‘Rationi
388 4350 415 4398 te
437 4341 544 4414 subice,
566 4344 588 4397 si
609 4344 648 4397 vis
670 4343 758 4398 omnin
780 4343 910 4400 vincere'
1008 4342 1067 4397 271
1094 4342 1142 4396 Go.
1161 4340 1222 4397 Sen.
1244 4342 1278 4397 de

128 4424 206 4481 clem.
227 4427 255 4496 1,
273 4425 336 4496 2,2
385 4426 484 4484 272
509 4428 541 4484 F.
558 4427 597 4482 uf.
615 4445 696 4502 supra
712 4447 758 4503 pg.
776 4427 826 4499 94,
843 4428 882 4485 27

181 4531 310 4571 Punumros
325 4531 405 4571 Sinus.
989 4513 994 4520 ’
1057 4527 1072 4572 9
