3044 5124
291 399 350 462 102
602 414 759 460 5555155
782 413 861 461 5151
885 411 1117 461 summimus.

371 566 471 646 Quod
491 567 607 630 timeas
631 566 726 631 citius
750 588 847 652 quam
869 564 958 651 quod
980 587 1089 651 speres
1113 569 1237 631 evenit.

372 668 471 749 Quod
494 666 566 731 vult
588 667 751 754 cupiditas
775 668 908 751 cogitat,
931 689 996 731 non
1019 667 1106 754 quod
1129 668 1234 734 decet.

373 769 543 856 Quidquid
567 771 706 852 conaris,
730 791 792 855 quo
816 770 988 855 pervenias
1012 770 1149 854 cogites,

289 880 352 938 510
374 872 441 953 Qui
462 871 546 935 bene
568 870 763 955 dissimulat,
787 871 884 934 citius
907 871 1039 935 inimico
1061 883 1168 936 nocet.

373 973 472 1054 Quod
494 995 626 1060 semper,
644 983 694 1037 est
715 982 877 1060 paratum,
900 994 967 1036 non
988 993 1117 1058 semper
1138 976 1243 1039 iuvat.

361 1075 613 1161 Quodcumque
636 1073 732 1155 celes,
756 1076 828 1160 ipse
849 1072 913 1137 tibi
925 1073 994 1137 ..fias
1017 1080 1125 1139 timor.

374 1177 441 1259 Qui
463 1175 689 1242 iusiurandum
712 1186 834 1259 servat,
858 1177 976 1262 quovis
998 1178 1163 1264 pervenit.

373 1279 472 1361 Quod
493 1289 583 1342 aetas
606 1279 724 1342 vitium
746 1280 865 1365 posuit,
888 1288 978 1342 aetas
1001 1278 1141 1362 auferet.

290 1373 350 1447 515
375 1382 621 1466 Quemcumque
644 1382 771 1465 quaerit
794 1379 974 1461 calamitas,
998 1379 1095 1443 facile
1117 1381 1256 1446 invenit.

375 1482 473 1564 Quod
495 1483 592 1569 periit
615 1483 728 1567 quaeri
750 1492 836 1568 pote,
860 1481 1013 1568 reprendi
1036 1504 1101 1546 uon
1123 1492 1243 1569 potest.

373 1586 483 1667 Quam
504 1585 661 1647 miserum
683 1583 827 1647 officium
849 1592 910 1664 est,
934 1583 1020 1669 quod
1041 1606 1227 1649 successum
1242 1574 1438 1650 nonhabet!

306 1726 318 1735 ν
373 1686 482 1767 Quam
504 1687 603 1749 miser
625 1695 686 1767 est,
710 1687 802 1749 cuius
817 1682 954 1769 ingrata
976 1695 1025 1749 est
1047 1687 1294 1762 misericordia!

372 1788 480 1868 Quam
502 1789 657 1851 miserum
680 1797 729 1851 est
751 1784 824 1872 cogi
847 1788 1040 1872 opprimere,
1064 1810 1159 1874 quem
1182 1788 1317 1854 salvum
1340 1788 1440 1853 velis!

288 1897 351 1956 520
374 1890 479 1972 Quem
501 1889 589 1952 fama
611 1889 721 1952 semel·
735 1890 908 1977 oppressit,
931 1891 992 1952 vix
1013 1891 1210 1955 restituitur.

375 1990 473 2072 Quod
496 1992 531 2053 vi
553 1991 724 2075 contingit,
737 1992 808 2054 ·vix
830 1989 1031 2078 voluptatem
1054 1992 1150 2078 parit.

373 2092 482 2172 Quam
503 2092 657 2156 miserum
679 2102 739 2173 est,
763 2092 799 2156 id
821 2092 907 2179 quod
924 2095 1026 2180 'pauci
1048 2092 1170 2157 habent
1192 2084 1367 2158 amittere!

375 2193 442 2275 Qui
464 2195 500 2256 in
522 2215 600 2256 vero
623 2192 762 2276 dubitat,
785 2194 870 2258 male
892 2197 962 2280 agit
985 2217 1059 2258 cum
1082 2193 1256 2260 deliberat.
1450 2192 1451 2196 ’

376 2295 444 2375 Qui
465 2296 559 2359 timet
580 2297 731 2378 amicum,
754 2298 878 2360 amicus
901 2306 937 2360 ut
959 2299 1072 2361 timeat
1095 2295 1200 2361 docet.

243 2392 245 2394 ’
292 2405 353 2463 525
377 2397 465 2477 Quoi
488 2396 567 2483 quid
589 2395 826 2462 vindicandum
849 2409 910 2480 est,
934 2400 1037 2463 omnis
1061 2399 1184 2484 dptima
1207 2408 1258 2464 est
1283 2401 1426 2465 occisio.

378 2499 487 2579 Quam
508 2500 663 2563 miserum
685 2499 846 2564 auxilium
868 2509 928 2583 est,
942 2500 1007 2565 -ubi
1030 2510 1125 2565 nocet
1148 2500 1239 2587 quod
1261 2503 1427 2566 sustinet!

263 2655 266 2659 .
376 2601 444 2682 Qui
465 2610 541 2688 pote
564 2601 736 2666 consilium
758 2601 883 2686 fugere,
906 2624 1021 2688 rapere
1043 2601 1132 2666 idem
1154 2611 1279 2688 potest.

296 2840 440 2923 confess
453 2881 476 2919 v.
495 2863 677 2921 501-568:
700 2862 793 2935 riri

378 2997 436 3055 511
462 3000 535 3054 iuvat
555 2999 686 3073 1555151.»
706 3000 776 3055 vivat
792 3001 833 3063 F;
858 2998 899 3070 ef.
922 3018 947 3056 r.
964 2997 1022 3056 512
1115 2998 1176 3055 512
1209 3000 1334 3057 Versum
1356 3003 1446 3072 omisit

294 3087 386 3140 editor
406 3084 523 3156 1555151.
547 3086 622 3139 unde
645 3086 724 3140 deest
743 3088 774 3139 in
796 3084 925 3140 omnibus
947 3084 1128 3141 editionibus.
1215 3080 1304 3161 ecles]
1330 3075 1367 3142 de
1382 3102 1446 3141 con-

293 3171 418 3225 1555055
433 3172 461 3223 in
478 3169 606 3224 seeundo
620 3184 748 3239 persono
765 3168 806 3240 ef.
823 3187 852 3224 o:
866 3168 943 3238 5303
967 3169 1055 3224 caeles
1071 3169 1115 3235 Fj
1179 3168 1240 3225 515
1264 3186 1446 3243 5555555555

277 3242 317 3309 ‘a
335 3271 361 3326 q.
377 3252 395 3308 1.
412 3253 548 3326 repperiet
566 3253 591 3307 Τ
673 3251 734 3310 516
756 3255 836 3327 periit
852 3260 880 3309 et
894 3261 959 3326 pote
975 3254 1097 3310 Gruter:
1121 3255 1210 3327 perit,
1226 3262 1322 3327 potest
1336 3255 1368 3310 F

294 3336 421 3411 reprendi
436 3337 558 3409 1555151.
573 3337 735 3411 reprehendi
751 3339 780 3393 F
855 3334 924 3414 non]
940 3338 1011 3394 haud
1029 3338 1148 3411 1555151.
1237 3338 1300 3395 517
1325 3337 1442 3395 officium

252 3436 255 3440 ·
294 3431 335 3478 est
352 3422 476 3479 Gruter.-
498 3421 601 3478 esicii.
618 3424 654 3493 F,
676 3421 795 3478 osticium
810 3423 931 3496 Inpoist.
952 3425 989 3480 At
1005 3423 1046 3495 df.
1064 3442 1089 3479 v.
1106 3422 1175 3480 504.
1193 3422 1265 3480 518.
1283 3423 1357 3480 519.
1376 3421 1443 3480 522.

295 3507 363 3564 526.
387 3507 457 3564 546.
481 3505 551 3563 549.
576 3506 645 3564 555.
663 3507 734 3565 560.
753 3507 824 3564 562.
926 3507 986 3564 518
1010 3508 1243 3581 515551595151..·
1265 3510 1396 3564 miserum
1412 3509 1444 3578 F,

295 3599 464 3664 corruptum
480 3609 519 3648 es
534 3612 559 3650 5.
577 3592 638 3649 519
739 3593 782 3648 551
798 3592 907 3649 Gruter
1005 3593 1066 3649 mis.
1083 3591 1260 3666 5511555151.
1277 3595 1363 3666 55155

294 3677 355 3734 519
379 3678 604 3750 5555155515..Ι
621 3694 700 3751 quam
715 3679 744 3732 F
750 3701 759 3741 ,-
781 3677 822 3749 cf.
840 3696 863 3734 u.
881 3676 942 3733 359
1023 3676 1084 3732 521
1108 3672 1125 3710 ’¹‘
1142 3679 1166 3733 vi
1182 3678 1320 3752 contingit
1336 3679 1394 3733 vix:
1417 3679 1440 3732 vi

295 3763 464 3834 contingitur
479 3762 514 3833 F,
531 3766 606 3817 muta
623 3778 760 3833 caesura,
776 3764 819 3817 vix
834 3763 981 3835 contingit,
997 3762 1038 3816 vir
1055 3762 1173 3834 Gruter,
1189 3764 1231 3817 vix
1247 3763 1398 3836 contingit,
1416 3769 1444 3817 ut

297 3847 432 3915 Bottius,
454 3847 496 3900 vix
511 3847 647 3919 contingit
669 3863 749 3919 quam
771 3851 845 3903 coni.
860 3848 887 3902 J.
907 3844 991 3919 Cusp.
1011 3846 1146 3903 Orellius.
1192 3846 1238 3920 Gf.
1256 3866 1280 3907 v.
1299 3846 1361 3904 365

380 3928 442 3986 524
465 3929 510 4001 Cf.
527 3948 552 3985 v.
568 3930 630 3987 540
715 3926 809 4007 docet]
827 3931 889 3986 iacit
905 3932 997 3987 Bothe
1083 3930 1149 3988 525·
1168 3929 1238 3998 Quoi
1255 3931 1321 4004 quid
1338 3935 1447 4006 scripsi

226 4058 235 4071 .
296 4031 360 4072 eum
375 4014 543 4086 1115555115,
558 4031 595 4070 ne
611 4032 712 4072 versus
725 4019 789 4073 loeo
804 4023 982 4072 moveretur:
997 4016 1126 4089 quicquid
1141 4017 1177 4087 F,
1193 4018 1237 4072 551
1253 4017 1319 4090 quid
1335 4017 1446 4073 Gruter

381 4100 467 4155 omnis
490 4099 612 4154 Gruter:
634 4118 685 4155 om.
701 4101 730 4154 F
813 4102 919 4156 occasio
942 4101 1118 4175 5511555151.
1143 4102 1169 4156 o‘.
1192 4103 1217 4157 ei
1239 4118 1298 4158 555.
1321 4103 1447 4158 5511111-

181 4152 183 4155 .
297 4186 430 4255 beeldus,
452 4201 479 4240 o.
495 4183 534 4239 1111
556 4200 613 4240 occ.
631 4193 673 4239 est
691 4185 721 4240 Τ.
738 4186 837 4242 Faber
937 4184 998 4242 526
1024 4184 1068 4258 Of.
1085 4205 1111 4242 o.
1128 4185 1189 4242 555
1291 4185 1354 4255 527
1380 4194 1445 4260 pote

298 4271 527 4343 Gruters'potest
542 4270 571 4323 F
659 4269 773 4325 consilio
786 4269 879 4326 furere
894 4271 987 4326 Bothe
1079 4265 1096 4305 ’¹‘
1112 4287 1220 4344 rapere:
1237 4287 1334 4345 sapere
1351 4273 1389 4344 F,
1404 4288 1447 4327 55-

296 4370 361 4425 pere
376 4357 449 4409 coni.
468 4355 583 4410 Gruter.
629 4353 673 4425 Of.
688 4355 748 4410 Jul.
765 4355 886 4426 Capitol.
902 4353 992 4414 Max:
1006 4362 1033 4411 et
1049 4355 1135 4412 Baro.
1152 4355 1170 4410 2
1193 4356 1320 4411 ‘consilia
1342 4358 1448 4431 rapien-

298 4437 345 4505 da,
367 4454 421 4492 555
444 4437 617 4510 quaerenda',
641 4438 724 4494 Guec.
750 4430 927 4497 1151511155.
946 4439 1002 4511 29,
1019 4440 1036 4495 2
1056 4459 1106 4514 pq.
1124 4440 1163 4497 29
1186 4438 1373 4497 ‘occasionem
1395 4459 1448 4498 nou
