<?xml version="1.0" encoding="UTF-8"?>
<!DOCTYPE html PUBLIC "-//W3C//DTD XHTML 1.0 Transitional//EN"
    "http://www.w3.org/TR/xhtml1/DTD/xhtml1-transitional.dtd">
<html xmlns="http://www.w3.org/1999/xhtml" xml:lang="en" lang="en">
 <head>
  <title>
</title>
<meta http-equiv="Content-Type" content="text/html;charset=utf-8" />
  <meta name='ocr-system' content='tesseract 3.04.00' />
  <meta name='ocr-capabilities' content='ocr_page ocr_carea ocr_par ocr_line ocrx_word'/>
</head>
<body>
  <div class='ocr_page' id='page_1' title='image "./publiliisyrisen00wlgoog/publiliisyrisen00wlgoog_0017.png"; bbox 0 0 3014 5116; ppageno 0'>
   <div class='ocr_carea' id='block_1_1' title="bbox 240 390 950 460">
    <p class='ocr_par' dir='ltr' id='par_1_1' title="bbox 240 390 950 460">
     <span class='ocr_line' id='line_1_1' title="bbox 240 390 950 460; baseline -0.01 0"><span class='ocrx_word' id='word_1_1' title='bbox 240 399 259 460; x_wconf 88' lang='lat'>6</span> <span class='ocrx_word' id='word_1_2' title='bbox 676 390 950 457; x_wconf 80' lang='lat' dir='ltr'>raonueonmm.</span> 
     </span>
    </p>
   </div>
   <div class='ocr_carea' id='block_1_2' title="bbox 184 562 1450 2177">
    <p class='ocr_par' dir='ltr' id='par_1_2' title="bbox 184 562 1450 2177">
     <span class='ocr_line' id='line_1_2' title="bbox 240 562 1399 654; baseline -0.001 -25"><span class='ocrx_word' id='word_1_3' title='bbox 240 567 336 654; x_wconf 87' lang='lat' dir='ltr'>plane</span> <span class='ocrx_word' id='word_1_4' title='bbox 358 566 505 629; x_wconf 86' lang='lat' dir='ltr'>diversos</span> <span class='ocrx_word' id='word_1_5' title='bbox 527 587 547 627; x_wconf 91' lang='lat' dir='ltr'>a</span> <span class='ocrx_word' id='word_1_6' title='bbox 569 565 686 628; x_wconf 89' lang='lat' dir='ltr'>ceteris</span> <span class='ocrx_word' id='word_1_7' title='bbox 710 562 896 627; x_wconf 90' lang='lat' dir='ltr'>comoediae</span> <span class='ocrx_word' id='word_1_8' title='bbox 925 562 1118 646; x_wconf 89' lang='lat' dir='ltr'>generibus,</span> <span class='ocrx_word' id='word_1_9' title='bbox 1148 584 1223 626; x_wconf 84' lang='lat' dir='ltr'>curn</span> <span class='ocrx_word' id='word_1_10' title='bbox 1247 573 1284 627; x_wconf 90' lang='lat' dir='ltr'>et</span> <span class='ocrx_word' id='word_1_11' title='bbox 1309 565 1399 628; x_wconf 90' lang='lat' dir='ltr'>iusto</span> 
     </span>
     <span class='ocr_line' id='line_1_3' title="bbox 241 656 1400 751; baseline -0.002 -19"><span class='ocrx_word' id='word_1_12' title='bbox 241 667 372 732; x_wconf 88' lang='lat' dir='ltr'>fabulae</span> <span class='ocrx_word' id='word_1_13' title='bbox 393 656 585 750; x_wconf 77' lang='lat' dir='ltr'>argumento</span> <span class='ocrx_word' id='word_1_14' title='bbox 610 674 766 745; x_wconf 81' lang='lat' dir='ltr'>carerent,</span> <span class='ocrx_word' id='word_1_15' title='bbox 790 686 850 727; x_wconf 90' lang='lat' dir='ltr'>nec</span> <span class='ocrx_word' id='word_1_16' title='bbox 873 665 907 728; x_wconf 87' lang='lat' dir='ltr'>in</span> <span class='ocrx_word' id='word_1_17' title='bbox 929 664 1120 728; x_wconf 86' lang='lat' dir='ltr'>universum</span> <span class='ocrx_word' id='word_1_18' title='bbox 1143 665 1177 727; x_wconf 87' lang='lat' dir='ltr'>in</span> <span class='ocrx_word' id='word_1_19' title='bbox 1200 658 1327 729; x_wconf 87' lang='lat' dir='ltr'>scaena</span> <span class='ocrx_word' id='word_1_20' title='bbox 1345 668 1400 751; x_wconf 89' lang='lat' dir='ltr'>agi</span> 
     </span>
     <span class='ocr_line' id='line_1_4' title="bbox 241 765 1400 854; baseline -0.003 -20"><span class='ocrx_word' id='word_1_21' title='bbox 241 769 392 834; x_wconf 82' lang='lat' dir='ltr'><strong>solerent.</strong></span> <span class='ocrx_word' id='word_1_22' title='bbox 437 768 541 832; x_wconf 91' lang='lat' dir='ltr'>Immo</span> <span class='ocrx_word' id='word_1_23' title='bbox 571 789 653 854; x_wconf 91' lang='lat' dir='ltr'>quae</span> <span class='ocrx_word' id='word_1_24' title='bbox 680 767 722 829; x_wconf 89' lang='lat' dir='ltr'>de</span> <span class='ocrx_word' id='word_1_25' title='bbox 749 765 815 831; x_wconf 91' lang='lat' dir='ltr'>illis</span> <span class='ocrx_word' id='word_1_26' title='bbox 839 787 1022 830; x_wconf 90' lang='lat' dir='ltr'>scurrarum</span> <span class='ocrx_word' id='word_1_27' title='bbox 1044 765 1191 830; x_wconf 80' lang='lat' dir='ltr'>artificiis</span> <span class='ocrx_word' id='word_1_28' title='bbox 1215 769 1400 831; x_wconf 82' lang='lat' dir='ltr'>memoriae</span> 
     </span>
     <span class='ocr_line' id='line_1_5' title="bbox 242 867 1450 960; baseline -0.002 -24"><span class='ocrx_word' id='word_1_29' title='bbox 242 871 373 960; x_wconf 87' lang='lat' dir='ltr'>prodita</span> <span class='ocrx_word' id='word_1_30' title='bbox 399 879 491 950; x_wconf 89' lang='lat' dir='ltr'>sunt,</span> <span class='ocrx_word' id='word_1_31' title='bbox 520 870 600 938; x_wconf 86' lang='lat' dir='ltr'>satis</span> <span class='ocrx_word' id='word_1_32' title='bbox 629 867 795 934; x_wconf 86' lang='lat' dir='ltr'>declarant</span> <span class='ocrx_word' id='word_1_33' title='bbox 817 869 852 954; x_wconf 90' lang='lat' dir='ltr'>in</span> <span class='ocrx_word' id='word_1_34' title='bbox 874 868 1057 931; x_wconf 86' lang='lat' dir='ltr'>exercenda</span> <span class='ocrx_word' id='word_1_35' title='bbox 1078 878 1147 932; x_wconf 86' lang='lat' dir='ltr'>arte</span> <span class='ocrx_word' id='word_1_36' title='bbox 1170 870 1308 932; x_wconf 89' lang='lat' dir='ltr'>mimica</span> <span class='ocrx_word' id='word_1_37' title='bbox 1332 894 1400 934; x_wconf 93' lang='lat' dir='ltr'>non</span> <span class='ocrx_word' id='word_1_38' title='bbox 1448 941 1450 947; x_wconf 16' lang='grc' dir='ltr'><strong><em>ὲ</em></strong></span> 
     </span>
     <span class='ocr_line' id='line_1_6' title="bbox 184 969 1399 1055; baseline -0.001 -17"><span class='ocrx_word' id='word_1_39' title='bbox 184 1042 188 1047; x_wconf 68' lang='grc'>,</span> <span class='ocrx_word' id='word_1_40' title='bbox 242 975 343 1038; x_wconf 84' lang='lat' dir='ltr'>fuisse</span> <span class='ocrx_word' id='word_1_41' title='bbox 365 972 471 1037; x_wconf 92' lang='lat' dir='ltr'>locum</span> <span class='ocrx_word' id='word_1_42' title='bbox 493 972 558 1036; x_wconf 87' lang='lat' dir='ltr'>nisi</span> <span class='ocrx_word' id='word_1_43' title='bbox 580 972 637 1034; x_wconf 92' lang='lat' dir='ltr'>uni</span> <span class='ocrx_word' id='word_1_44' title='bbox 659 970 772 1035; x_wconf 86' lang='lat' dir='ltr'>actori.</span> <span class='ocrx_word' id='word_1_45' title='bbox 817 969 872 1034; x_wconf 86' lang='lat' dir='ltr'>Sic</span> <span class='ocrx_word' id='word_1_46' title='bbox 887 969 1032 1033; x_wconf 87' lang='lat' dir='ltr'>Eudicos</span> <span class='ocrx_word' id='word_1_47' title='bbox 1055 969 1183 1055; x_wconf 81' lang='lat' dir='ltr'>pugiles</span> <span class='ocrx_word' id='word_1_48' title='bbox 1200 979 1231 1034; x_wconf 91' lang='lat' dir='ltr'>ct</span> <span class='ocrx_word' id='word_1_49' title='bbox 1249 971 1399 1037; x_wconf 90' lang='lat' dir='ltr'>athletas</span> 
     </span>
     <span class='ocr_line' id='line_1_7' title="bbox 243 1071 1398 1159; baseline -0.003 -19"><span class='ocrx_word' id='word_1_50' title='bbox 243 1076 366 1140; x_wconf 86' lang='lat' dir='ltr'>imitari</span> <span class='ocrx_word' id='word_1_51' title='bbox 387 1073 512 1157; x_wconf 80' lang='lat' dir='ltr'>solebat</span> <span class='ocrx_word' id='word_1_52' title='bbox 536 1073 671 1158; x_wconf 81' lang='lat' dir='ltr'>(Athen.</span> <span class='ocrx_word' id='word_1_53' title='bbox 690 1074 718 1154; x_wconf 92' lang='grc'>1,</span> <span class='ocrx_word' id='word_1_54' title='bbox 737 1071 776 1136; x_wconf 88' lang='grc'>19</span> <span class='ocrx_word' id='word_1_55' title='bbox 791 1071 845 1155; x_wconf 85' lang='lat' dir='ltr'>F),</span> <span class='ocrx_word' id='word_1_56' title='bbox 870 1073 918 1135; x_wconf 90' lang='lat' dir='ltr'>sic</span> <span class='ocrx_word' id='word_1_57' title='bbox 935 1071 1086 1136; x_wconf 88' lang='lat' dir='ltr'>Oenonas</span> <span class='ocrx_word' id='word_1_58' title='bbox 1101 1071 1224 1136; x_wconf 79' lang='lat' dir='ltr'>Uhxen</span> <span class='ocrx_word' id='word_1_59' title='bbox 1246 1095 1312 1159; x_wconf 90' lang='lat' dir='ltr'>per</span> <span class='ocrx_word' id='word_1_60' title='bbox 1327 1073 1398 1139; x_wconf 93' lang='lat' dir='ltr'>lon-</span> 
     </span>
     <span class='ocr_line' id='line_1_8' title="bbox 243 1172 1398 1262; baseline -0.003 -20"><span class='ocrx_word' id='word_1_61' title='bbox 243 1200 302 1262; x_wconf 89' lang='lat' dir='ltr'>gos</span> <span class='ocrx_word' id='word_1_62' title='bbox 331 1198 456 1241; x_wconf 89' lang='lat' dir='ltr'>errores</span> <span class='ocrx_word' id='word_1_63' title='bbox 484 1176 586 1261; x_wconf 89' lang='lat' dir='ltr'>patrii</span> <span class='ocrx_word' id='word_1_64' title='bbox 612 1174 770 1239; x_wconf 88' lang='lat' dir='ltr'>sermonis</span> <span class='ocrx_word' id='word_1_65' title='bbox 799 1172 937 1238; x_wconf 92' lang='lat' dir='ltr'>oblitum</span> <span class='ocrx_word' id='word_1_66' title='bbox 964 1183 995 1238; x_wconf 93' lang='lat' dir='ltr'>et</span> <span class='ocrx_word' id='word_1_67' title='bbox 1023 1174 1163 1238; x_wconf 88' lang='lat' dir='ltr'>barbara</span> <span class='ocrx_word' id='word_1_68' title='bbox 1191 1174 1398 1262; x_wconf 91' lang='lat' dir='ltr'>loquentem,</span> 
     </span>
     <span class='ocr_line' id='line_1_9' title="bbox 244 1274 1400 1363; baseline 0 -21"><span class='ocrx_word' id='word_1_69' title='bbox 244 1280 292 1343; x_wconf 87' lang='lat' dir='ltr'>sic</span> <span class='ocrx_word' id='word_1_70' title='bbox 313 1275 504 1341; x_wconf 86' lang='lat' dir='ltr'>Theodorus</span> <span class='ocrx_word' id='word_1_71' title='bbox 527 1275 744 1340; x_wconf 81' lang='lat' dir='ltr'>trochlearum</span> <span class='ocrx_word' id='word_1_72' title='bbox 767 1276 926 1360; x_wconf 89' lang='lat' dir='ltr'>crepitum</span> <span class='ocrx_word' id='word_1_73' title='bbox 953 1274 1053 1359; x_wconf 82' lang='lat' dir='ltr'>(Plut.</span> <span class='ocrx_word' id='word_1_74' title='bbox 1077 1276 1118 1339; x_wconf 92' lang='lat' dir='ltr'>de</span> <span class='ocrx_word' id='word_1_75' title='bbox 1139 1276 1214 1340; x_wconf 91' lang='lat' dir='ltr'>aud.</span> <span class='ocrx_word' id='word_1_76' title='bbox 1238 1287 1332 1363; x_wconf 88' lang='lat' dir='ltr'>poet.</span> <span class='ocrx_word' id='word_1_77' title='bbox 1362 1279 1400 1342; x_wconf 93' lang='grc'>18</span> 
     </span>
     <span class='ocr_line' id='line_1_10' title="bbox 245 1376 1400 1466; baseline -0.001 -23"><span class='ocrx_word' id='word_1_78' title='bbox 245 1381 305 1464; x_wconf 91' lang='grc' dir='ltr'>Β),</span> <span class='ocrx_word' id='word_1_79' title='bbox 334 1380 382 1442; x_wconf 92' lang='lat' dir='ltr'>sic</span> <span class='ocrx_word' id='word_1_80' title='bbox 402 1379 586 1455; x_wconf 86' lang='lat' dir='ltr'>Parmenon</span> <span class='ocrx_word' id='word_1_81' title='bbox 608 1400 698 1441; x_wconf 88' lang='lat' dir='ltr'>suem</span> <span class='ocrx_word' id='word_1_82' title='bbox 720 1376 949 1462; x_wconf 85' lang='lat' dir='ltr'>grundientem</span> <span class='ocrx_word' id='word_1_83' title='bbox 972 1376 1073 1461; x_wconf 91' lang='lat' dir='ltr'>(Plut.</span> <span class='ocrx_word' id='word_1_84' title='bbox 1097 1388 1221 1462; x_wconf 90' lang='lat' dir='ltr'>quaest.</span> <span class='ocrx_word' id='word_1_85' title='bbox 1245 1403 1400 1466; x_wconf 82' lang='lat' dir='ltr'>sympos</span> 
     </span>
     <span class='ocr_line' id='line_1_11' title="bbox 244 1478 1399 1566; baseline -0.001 -20"><span class='ocrx_word' id='word_1_86' title='bbox 244 1482 308 1546; x_wconf 78' lang='grc'>674</span> <span class='ocrx_word' id='word_1_87' title='bbox 318 1481 357 1564; x_wconf 91' lang='grc' dir='ltr'>Β,</span> <span class='ocrx_word' id='word_1_88' title='bbox 373 1481 593 1564; x_wconf 88' lang='lat' dir='ltr'>Paroemiogr.</span> <span class='ocrx_word' id='word_1_89' title='bbox 609 1480 728 1565; x_wconf 88' lang='lat' dir='ltr'>graeci,</span> <span class='ocrx_word' id='word_1_90' title='bbox 746 1480 796 1543; x_wconf 91' lang='lat' dir='ltr'>ed.</span> <span class='ocrx_word' id='word_1_91' title='bbox 807 1478 962 1560; x_wconf 86' lang='lat' dir='ltr'>Leutsch,</span> <span class='ocrx_word' id='word_1_92' title='bbox 975 1479 1114 1566; x_wconf 86' lang='lat' dir='ltr'>append.</span> <span class='ocrx_word' id='word_1_93' title='bbox 1127 1478 1173 1542; x_wconf 94' lang='grc' dir='ltr'>ΙΙ.</span> <span class='ocrx_word' id='word_1_94' title='bbox 1183 1481 1235 1561; x_wconf 87' lang='grc'>87,</span> <span class='ocrx_word' id='word_1_95' title='bbox 1249 1481 1399 1545; x_wconf 90' lang='lat' dir='ltr'>Phaedr.</span> 
     </span>
     <span class='ocr_line' id='line_1_12' title="bbox 244 1580 1397 1668; baseline 0.001 -21"><span class='ocrx_word' id='word_1_96' title='bbox 244 1583 309 1648; x_wconf 86' lang='lat' dir='ltr'>fab.</span> <span class='ocrx_word' id='word_1_97' title='bbox 331 1584 362 1663; x_wconf 90' lang='grc'>5,</span> <span class='ocrx_word' id='word_1_98' title='bbox 385 1582 431 1664; x_wconf 85' lang='grc'>5),</span> <span class='ocrx_word' id='word_1_99' title='bbox 454 1583 503 1645; x_wconf 89' lang='lat' dir='ltr'>sic</span> <span class='ocrx_word' id='word_1_100' title='bbox 525 1584 624 1645; x_wconf 89' lang='lat' dir='ltr'>etiam</span> <span class='ocrx_word' id='word_1_101' title='bbox 647 1581 775 1646; x_wconf 90' lang='lat' dir='ltr'>saeculo</span> <span class='ocrx_word' id='word_1_102' title='bbox 798 1589 913 1668; x_wconf 88' lang='lat' dir='ltr'>quarto</span> <span class='ocrx_word' id='word_1_103' title='bbox 936 1604 967 1667; x_wconf 91' lang='lat' dir='ltr'>p.</span> <span class='ocrx_word' id='word_1_104' title='bbox 993 1580 1068 1646; x_wconf 83' lang='lat' dir='ltr'>Chr.</span> <span class='ocrx_word' id='word_1_105' title='bbox 1092 1591 1233 1646; x_wconf 86' lang='lat' dir='ltr'>exeunte</span> <span class='ocrx_word' id='word_1_106' title='bbox 1256 1582 1397 1648; x_wconf 88' lang='lat' dir='ltr'>Marcus</span> 
     </span>
     <span class='ocr_line' id='line_1_13' title="bbox 245 1682 1399 1773; baseline -0.001 -24"><span class='ocrx_word' id='word_1_107' title='bbox 245 1685 378 1773; x_wconf 91' lang='lat' dir='ltr'>quidam</span> <span class='ocrx_word' id='word_1_108' title='bbox 401 1682 647 1769; x_wconf 88' lang='lat' dir='ltr'>quadrupedum</span> <span class='ocrx_word' id='word_1_109' title='bbox 670 1693 701 1748; x_wconf 89' lang='lat' dir='ltr'>et</span> <span class='ocrx_word' id='word_1_110' title='bbox 715 1684 827 1747; x_wconf 88' lang='lat' dir='ltr'>avium</span> <span class='ocrx_word' id='word_1_111' title='bbox 842 1704 939 1746; x_wconf 87' lang='lat' dir='ltr'>voces</span> <span class='ocrx_word' id='word_1_112' title='bbox 955 1692 1038 1747; x_wconf 89' lang='lat' dir='ltr'>teste</span> <span class='ocrx_word' id='word_1_113' title='bbox 1053 1684 1201 1748; x_wconf 87' lang='lat' dir='ltr'>Ausonio</span> <span class='ocrx_word' id='word_1_114' title='bbox 1219 1686 1328 1771; x_wconf 84' lang='lat' dir='ltr'>epigr.</span> <span class='ocrx_word' id='word_1_115' title='bbox 1349 1687 1399 1750; x_wconf 94' lang='grc'>76.</span> 
     </span>
     <span class='ocr_line' id='line_1_14' title="bbox 244 1783 1400 1870; baseline -0.001 -18"><span class='ocrx_word' id='word_1_116' title='bbox 244 1786 341 1852; x_wconf 89' lang='lat' dir='ltr'>Mitto</span> <span class='ocrx_word' id='word_1_117' title='bbox 363 1784 459 1850; x_wconf 91' lang='lat' dir='ltr'>alios:</span> <span class='ocrx_word' id='word_1_118' title='bbox 484 1808 559 1849; x_wconf 91' lang='lat' dir='ltr'>nam</span> <span class='ocrx_word' id='word_1_119' title='bbox 574 1785 810 1870; x_wconf 89' lang='lat' dir='ltr'>interciderunt</span> <span class='ocrx_word' id='word_1_120' title='bbox 825 1785 966 1865; x_wconf 93' lang='lat' dir='ltr'>nomina,</span> <span class='ocrx_word' id='word_1_121' title='bbox 989 1793 1025 1848; x_wconf 96' lang='lat' dir='ltr'>ut</span> <span class='ocrx_word' id='word_1_122' title='bbox 1047 1783 1151 1863; x_wconf 88' lang='lat' dir='ltr'>illius,</span> <span class='ocrx_word' id='word_1_123' title='bbox 1175 1789 1229 1867; x_wconf 74' lang='lat' dir='ltr'>qai</span> <span class='ocrx_word' id='word_1_124' title='bbox 1245 1790 1400 1868; x_wconf 76' lang='lat' dir='ltr'>primam</span> 
     </span>
     <span class='ocr_line' id='line_1_15' title="bbox 245 1887 1396 1974; baseline -0.001 -20"><span class='ocrx_word' id='word_1_125' title='bbox 245 1891 364 1954; x_wconf 40' lang='lat' dir='ltr'>&#39;incant</span> <span class='ocrx_word' id='word_1_126' title='bbox 385 1889 558 1952; x_wconf 76' lang='lat' dir='ltr'>causidicos</span> <span class='ocrx_word' id='word_1_127' title='bbox 579 1889 703 1951; x_wconf 76' lang='lat' dir='ltr'>imitari</span> <span class='ocrx_word' id='word_1_128' title='bbox 726 1887 838 1971; x_wconf 88' lang='lat' dir='ltr'>(Jahn,</span> <span class='ocrx_word' id='word_1_129' title='bbox 862 1909 949 1973; x_wconf 85' lang='lat' dir='ltr'>spec.</span> <span class='ocrx_word' id='word_1_130' title='bbox 974 1887 1076 1972; x_wconf 85' lang='lat' dir='ltr'>epigr.</span> <span class='ocrx_word' id='word_1_131' title='bbox 1100 1909 1130 1972; x_wconf 86' lang='lat' dir='ltr'>p.</span> <span class='ocrx_word' id='word_1_132' title='bbox 1154 1887 1206 1967; x_wconf 83' lang='lat'>38,</span> <span class='ocrx_word' id='word_1_133' title='bbox 1231 1887 1274 1950; x_wconf 92' lang='lat' dir='ltr'>N.</span> <span class='ocrx_word' id='word_1_134' title='bbox 1303 1890 1396 1974; x_wconf 89' lang='grc'>107),</span> 
     </span>
     <span class='ocr_line' id='line_1_16' title="bbox 246 1986 1399 2075; baseline 0.001 -22"><span class='ocrx_word' id='word_1_135' title='bbox 246 1988 301 2053; x_wconf 83' lang='lat' dir='ltr'>vel</span> <span class='ocrx_word' id='word_1_136' title='bbox 329 1989 385 2075; x_wconf 93' lang='lat' dir='ltr'>qui</span> <span class='ocrx_word' id='word_1_137' title='bbox 414 1988 521 2052; x_wconf 90' lang='lat' dir='ltr'>ebrios</span> <span class='ocrx_word' id='word_1_138' title='bbox 545 1987 680 2071; x_wconf 88' lang='lat' dir='ltr'>(Athen.</span> <span class='ocrx_word' id='word_1_139' title='bbox 706 1989 760 2071; x_wconf 90' lang='grc'>14,</span> <span class='ocrx_word' id='word_1_140' title='bbox 784 1988 862 2070; x_wconf 75' lang='grc'>621,</span> <span class='ocrx_word' id='word_1_141' title='bbox 887 1987 939 2072; x_wconf 83' lang='lat' dir='ltr'>O).</span> <span class='ocrx_word' id='word_1_142' title='bbox 984 1986 1329 2075; x_wconf 77' lang='lat' dir='ltr'>Of.JahniiPr01eg.</span> <span class='ocrx_word' id='word_1_143' title='bbox 1355 1992 1399 2054; x_wconf 88' lang='lat' dir='ltr'>ad</span> 
     </span>
     <span class='ocr_line' id='line_1_17' title="bbox 246 2088 1400 2177; baseline 0.001 -21"><span class='ocrx_word' id='word_1_144' title='bbox 246 2091 395 2156; x_wconf 85' lang='lat' dir='ltr'>Persium</span> <span class='ocrx_word' id='word_1_145' title='bbox 411 2113 464 2176; x_wconf 90' lang='lat' dir='ltr'>pg.</span> <span class='ocrx_word' id='word_1_146' title='bbox 480 2089 667 2155; x_wconf 86' lang='lat' dir='ltr'>LXXXIV</span> <span class='ocrx_word' id='word_1_147' title='bbox 682 2113 753 2177; x_wconf 90' lang='lat' dir='ltr'>sqq.</span> <span class='ocrx_word' id='word_1_148' title='bbox 770 2099 801 2154; x_wconf 89' lang='lat' dir='ltr'>et</span> <span class='ocrx_word' id='word_1_149' title='bbox 816 2088 955 2176; x_wconf 83' lang='lat' dir='ltr'>Grysari</span> <span class='ocrx_word' id='word_1_150' title='bbox 970 2088 1117 2153; x_wconf 91' lang='lat' dir='ltr'>libellum</span> <span class='ocrx_word' id='word_1_151' title='bbox 1140 2088 1210 2154; x_wconf 69' lang='lat' dir='ltr'>‘der</span> <span class='ocrx_word' id='word_1_152' title='bbox 1229 2093 1400 2157; x_wconf 76' lang='lat' dir='ltr'>romische</span> 
     </span>
    </p>
   </div>
   <div class='ocr_carea' id='block_1_3' title="bbox 141 2190 1400 2282">
    <p class='ocr_par' dir='ltr' id='par_1_3' title="bbox 141 2190 1400 2282">
     <span class='ocr_line' id='line_1_18' title="bbox 141 2190 1400 2282; baseline 0.002 -27"><span class='ocrx_word' id='word_1_153' title='bbox 141 2250 149 2255; x_wconf 82' lang='lat'>.</span> <span class='ocrx_word' id='word_1_154' title='bbox 246 2193 381 2257; x_wconf 86' lang='lat' dir='ltr'>Mimus’</span> <span class='ocrx_word' id='word_1_155' title='bbox 405 2214 458 2278; x_wconf 91' lang='lat' dir='ltr'>pg.</span> <span class='ocrx_word' id='word_1_156' title='bbox 483 2194 588 2281; x_wconf 75' lang='lat' dir='ltr'>lsqq.</span> <span class='ocrx_word' id='word_1_157' title='bbox 633 2191 701 2272; x_wconf 74' lang='lat' dir='ltr'>Qui</span> <span class='ocrx_word' id='word_1_158' title='bbox 722 2191 781 2256; x_wconf 88' lang='lat' dir='ltr'>tali</span> <span class='ocrx_word' id='word_1_159' title='bbox 803 2190 900 2256; x_wconf 92' lang='lat' dir='ltr'>modo</span> <span class='ocrx_word' id='word_1_160' title='bbox 922 2193 1024 2256; x_wconf 91' lang='lat' dir='ltr'>risum</span> <span class='ocrx_word' id='word_1_161' title='bbox 1046 2190 1234 2274; x_wconf 87' lang='lat' dir='ltr'>movebant,</span> <span class='ocrx_word' id='word_1_162' title='bbox 1258 2198 1400 2282; x_wconf 80' lang='lat' dir='ltr'>proprie</span> 
     </span>
    </p>
   </div>
   <div class='ocr_carea' id='block_1_4' title="bbox 247 2293 1401 2585">
    <p class='ocr_par' dir='ltr' id='par_1_4' title="bbox 247 2293 1401 2585">
     <span class='ocr_line' id='line_1_19' title="bbox 248 2293 1401 2382; baseline 0.003 -24"><span class='ocrx_word' id='word_1_163' title='bbox 248 2294 441 2358; x_wconf 87' lang='lat' dir='ltr'>dicebantur</span> <span class='ocrx_word' id='word_1_164' title='bbox 463 2297 595 2359; x_wconf 71' lang='lat' dir='ltr'>animam</span> <span class='ocrx_word' id='word_1_165' title='bbox 616 2316 723 2378; x_wconf 54' lang='lat' dir='ltr'>ugera</span> <span class='ocrx_word' id='word_1_166' title='bbox 745 2295 835 2358; x_wconf 74' lang='lat' dir='ltr'>mimi</span> <span class='ocrx_word' id='word_1_167' title='bbox 853 2293 933 2356; x_wconf 90' lang='lat' dir='ltr'>dicti</span> <span class='ocrx_word' id='word_1_168' title='bbox 949 2302 1025 2357; x_wconf 86' lang='lat' dir='ltr'>sunt</span> <span class='ocrx_word' id='word_1_169' title='bbox 1042 2303 1073 2357; x_wconf 90' lang='lat' dir='ltr'>et</span> <span class='ocrx_word' id='word_1_170' title='bbox 1089 2315 1221 2357; x_wconf 90' lang='lat' dir='ltr'>scurrae</span> <span class='ocrx_word' id='word_1_171' title='bbox 1238 2303 1271 2358; x_wconf 90' lang='lat' dir='ltr'>et</span> <span class='ocrx_word' id='word_1_172' title='bbox 1288 2298 1401 2382; x_wconf 90' lang='lat' dir='ltr'>ipsum</span> 
     </span>
     <span class='ocr_line' id='line_1_20' title="bbox 247 2393 1400 2495; baseline 0.002 -33"><span class='ocrx_word' id='word_1_173' title='bbox 247 2394 424 2495; x_wconf 87' lang='lat' dir='ltr'>spectaculi</span> <span class='ocrx_word' id='word_1_174' title='bbox 442 2417 562 2480; x_wconf 92' lang='lat' dir='ltr'>genus:</span> <span class='ocrx_word' id='word_1_175' title='bbox 588 2396 645 2461; x_wconf 90' lang='lat' dir='ltr'>sed</span> <span class='ocrx_word' id='word_1_176' title='bbox 667 2418 844 2483; x_wconf 91' lang='lat' dir='ltr'>numquam</span> <span class='ocrx_word' id='word_1_177' title='bbox 865 2393 987 2480; x_wconf 88' lang='lat' dir='ltr'>singuli</span> <span class='ocrx_word' id='word_1_178' title='bbox 1011 2417 1126 2460; x_wconf 88' lang='lat' dir='ltr'>versus</span> <span class='ocrx_word' id='word_1_179' title='bbox 1149 2397 1327 2462; x_wconf 89' lang='lat' dir='ltr'>mimorum</span> <span class='ocrx_word' id='word_1_180' title='bbox 1342 2423 1400 2464; x_wconf 92' lang='lat' dir='ltr'>no-</span> 
     </span>
     <span class='ocr_line' id='line_1_21' title="bbox 248 2496 1401 2585; baseline 0.003 -23"><span class='ocrx_word' id='word_1_181' title='bbox 248 2503 323 2562; x_wconf 87' lang='lat' dir='ltr'>inen</span> <span class='ocrx_word' id='word_1_182' title='bbox 351 2497 544 2578; x_wconf 82' lang='lat' dir='ltr'>habuerunt.</span> <span class='ocrx_word' id='word_1_183' title='bbox 589 2497 727 2577; x_wconf 74' lang='lat' dir='ltr'>Minoae,</span> <span class='ocrx_word' id='word_1_184' title='bbox 757 2507 794 2562; x_wconf 90' lang='lat' dir='ltr'>ut</span> <span class='ocrx_word' id='word_1_185' title='bbox 821 2498 868 2561; x_wconf 91' lang='lat' dir='ltr'>ait</span> <span class='ocrx_word' id='word_1_186' title='bbox 890 2496 1066 2562; x_wconf 90' lang='lat' dir='ltr'>Diomedes</span> <span class='ocrx_word' id='word_1_187' title='bbox 1097 2500 1143 2583; x_wconf 91' lang='lat' dir='ltr'>(p.</span> <span class='ocrx_word' id='word_1_188' title='bbox 1166 2497 1245 2579; x_wconf 82' lang='lat'>491,</span> <span class='ocrx_word' id='word_1_189' title='bbox 1273 2499 1315 2564; x_wconf 87' lang='grc'>13</span> <span class='ocrx_word' id='word_1_190' title='bbox 1339 2501 1401 2585; x_wconf 91' lang='grc' dir='ltr'>Κ.)</span> 
     </span>
    </p>
   </div>
   <div class='ocr_carea' id='block_1_5' title="bbox 247 2599 1397 2685">
    <p class='ocr_par' dir='ltr' id='par_1_5' title="bbox 247 2599 1397 2685">
     <span class='ocr_line' id='line_1_22' title="bbox 247 2599 1397 2685; baseline 0.002 -19"><span class='ocrx_word' id='word_1_191' title='bbox 247 2606 290 2666; x_wconf 82' lang='lat' dir='ltr'>est</span> <span class='ocrx_word' id='word_1_192' title='bbox 309 2602 461 2666; x_wconf 73' lang='lat' dir='ltr'>sermonis</span> <span class='ocrx_word' id='word_1_193' title='bbox 483 2601 644 2665; x_wconf 76' lang='lat' dir='ltr'>cuiuslibet</span> <span class='ocrx_word' id='word_1_194' title='bbox 663 2606 692 2665; x_wconf 84' lang='lat' dir='ltr'>et</span> <span class='ocrx_word' id='word_1_195' title='bbox 713 2605 813 2665; x_wconf 79' lang='lat' dir='ltr'>motos</span> <span class='ocrx_word' id='word_1_196' title='bbox 833 2602 901 2664; x_wconf 78' lang='lat' dir='ltr'>siae</span> <span class='ocrx_word' id='word_1_197' title='bbox 922 2601 1104 2685; x_wconf 68' lang='lat' dir='ltr'>reverentia,</span> <span class='ocrx_word' id='word_1_198' title='bbox 1127 2601 1173 2665; x_wconf 84' lang='lat' dir='ltr'>vel</span> <span class='ocrx_word' id='word_1_199' title='bbox 1185 2599 1351 2680; x_wconf 80' lang='lat' dir='ltr'>factorum</span> <span class='ocrx_word' id='word_1_200' title='bbox 1368 2610 1397 2668; x_wconf 83' lang='lat' dir='ltr'>et</span> 
     </span>
    </p>
   </div>
   <div class='ocr_carea' id='block_1_6' title="bbox 130 2701 1401 2890">
    <p class='ocr_par' dir='ltr' id='par_1_6' title="bbox 130 2701 1401 2890">
     <span class='ocr_line' id='line_1_23' title="bbox 130 2701 1400 2790; baseline 0.001 -22"><span class='ocrx_word' id='word_1_201' title='bbox 130 2701 133 2705; x_wconf 62' lang='grc'><strong>“</strong></span> <span class='ocrx_word' id='word_1_202' title='bbox 248 2702 442 2788; x_wconf 79' lang='lat' dir='ltr'>[dictorum]</span> <span class='ocrx_word' id='word_1_203' title='bbox 466 2704 606 2784; x_wconf 79' lang='lat' dir='ltr'>turpiam</span> <span class='ocrx_word' id='word_1_204' title='bbox 634 2723 704 2767; x_wconf 80' lang='lat' dir='ltr'>cam</span> <span class='ocrx_word' id='word_1_205' title='bbox 733 2703 864 2768; x_wconf 75' lang='lat' dir='ltr'>lascivio</span> <span class='ocrx_word' id='word_1_206' title='bbox 890 2704 1042 2780; x_wconf 64' lang='lat' dir='ltr'>imitatem</span> <span class='ocrx_word' id='word_1_207' title='bbox 1075 2703 1214 2782; x_wconf 82' lang='grc' dir='ltr'><em>παίγνια</em></span> <span class='ocrx_word' id='word_1_208' title='bbox 1246 2703 1400 2790; x_wconf 87' lang='lat' dir='ltr'>appellat</span> 
     </span>
     <span class='ocr_line' id='line_1_24' title="bbox 146 2802 1401 2890; baseline 0.002 -22"><span class='ocrx_word' id='word_1_209' title='bbox 146 2822 149 2826; x_wconf 77' lang='grc'>’</span> <span class='ocrx_word' id='word_1_210' title='bbox 248 2803 441 2868; x_wconf 88' lang='lat' dir='ltr'>Plutarchus</span> <span class='ocrx_word' id='word_1_211' title='bbox 464 2813 587 2890; x_wconf 90' lang='lat' dir='ltr'>quaest.</span> <span class='ocrx_word' id='word_1_212' title='bbox 604 2825 747 2890; x_wconf 87' lang='lat' dir='ltr'>sympos.</span> <span class='ocrx_word' id='word_1_213' title='bbox 765 2805 795 2883; x_wconf 91' lang='grc'>7,</span> <span class='ocrx_word' id='word_1_214' title='bbox 812 2803 842 2885; x_wconf 88' lang='grc'>8,</span> <span class='ocrx_word' id='word_1_215' title='bbox 858 2804 889 2866; x_wconf 91' lang='grc'>4.</span> <span class='ocrx_word' id='word_1_216' title='bbox 934 2803 1069 2868; x_wconf 84' lang='lat' dir='ltr'>Scurras</span> <span class='ocrx_word' id='word_1_217' title='bbox 1085 2802 1181 2868; x_wconf 90' lang='lat' dir='ltr'>modo</span> <span class='ocrx_word' id='word_1_218' title='bbox 1201 2804 1237 2866; x_wconf 94' lang='lat' dir='ltr'>in</span> <span class='ocrx_word' id='word_1_219' title='bbox 1252 2806 1401 2889; x_wconf 89' lang='lat' dir='ltr'>circulis,</span> 
     </span>
    </p>
   </div>
   <div class='ocr_carea' id='block_1_7' title="bbox 249 2903 1403 3195">
    <p class='ocr_par' dir='ltr' id='par_1_7' title="bbox 249 2903 1403 3195">
     <span class='ocr_line' id='line_1_25' title="bbox 249 2903 1403 2993; baseline 0.004 -23"><span class='ocrx_word' id='word_1_220' title='bbox 249 2906 400 2993; x_wconf 84' lang='lat' dir='ltr'>adstante</span> <span class='ocrx_word' id='word_1_221' title='bbox 429 2903 599 2991; x_wconf 86' lang='lat' dir='ltr'>plebecula</span> <span class='ocrx_word' id='word_1_222' title='bbox 627 2904 797 2991; x_wconf 84' lang='lat' dir='ltr'>spectandi</span> <span class='ocrx_word' id='word_1_223' title='bbox 824 2905 960 2991; x_wconf 91' lang='lat' dir='ltr'>cupida,</span> <span class='ocrx_word' id='word_1_224' title='bbox 989 2914 1092 2969; x_wconf 90' lang='lat' dir='ltr'>artem</span> <span class='ocrx_word' id='word_1_225' title='bbox 1119 2904 1281 2969; x_wconf 87' lang='lat' dir='ltr'>ludicram</span> <span class='ocrx_word' id='word_1_226' title='bbox 1306 2931 1403 2975; x_wconf 85' lang='lat' dir='ltr'>exer·</span> 
     </span>
     <span class='ocr_line' id='line_1_26' title="bbox 251 3006 1402 3094; baseline 0.004 -23"><span class='ocrx_word' id='word_1_227' title='bbox 251 3006 367 3088; x_wconf 83' lang='lat' dir='ltr'>cuisse,</span> <span class='ocrx_word' id='word_1_228' title='bbox 390 3007 486 3070; x_wconf 90' lang='lat' dir='ltr'>modo</span> <span class='ocrx_word' id='word_1_229' title='bbox 508 3007 542 3069; x_wconf 95' lang='lat' dir='ltr'>in</span> <span class='ocrx_word' id='word_1_230' title='bbox 565 3007 727 3070; x_wconf 87' lang='lat' dir='ltr'>conviviis</span> <span class='ocrx_word' id='word_1_231' title='bbox 750 3006 890 3071; x_wconf 86' lang='lat' dir='ltr'>divitum</span> <span class='ocrx_word' id='word_1_232' title='bbox 913 3029 986 3070; x_wconf 92' lang='lat' dir='ltr'>cum</span> <span class='ocrx_word' id='word_1_233' title='bbox 1007 3029 1066 3093; x_wconf 89' lang='lat' dir='ltr'>per</span> <span class='ocrx_word' id='word_1_234' title='bbox 1080 3029 1115 3070; x_wconf 91' lang='lat' dir='ltr'>se</span> <span class='ocrx_word' id='word_1_235' title='bbox 1130 3017 1402 3094; x_wconf 90' lang='lat' dir='ltr'>consentaneum,</span> 
     </span>
     <span class='ocr_line' id='line_1_27' title="bbox 251 3107 1403 3195; baseline 0.003 -21"><span class='ocrx_word' id='word_1_236' title='bbox 251 3120 320 3174; x_wconf 90' lang='lat' dir='ltr'>tum</span> <span class='ocrx_word' id='word_1_237' title='bbox 352 3107 583 3174; x_wconf 90' lang='lat' dir='ltr'>nonnullorum</span> <span class='ocrx_word' id='word_1_238' title='bbox 617 3118 784 3173; x_wconf 90' lang='lat' dir='ltr'>auctorum</span> <span class='ocrx_word' id='word_1_239' title='bbox 820 3110 1015 3174; x_wconf 89' lang='lat' dir='ltr'>testimoniis</span> <span class='ocrx_word' id='word_1_240' title='bbox 1050 3109 1299 3195; x_wconf 90' lang='lat' dir='ltr'>comprobatum</span> <span class='ocrx_word' id='word_1_241' title='bbox 1336 3125 1403 3195; x_wconf 70' lang='lat' dir='ltr'>est,</span> 
     </span>
    </p>
   </div>
   <div class='ocr_carea' id='block_1_8' title="bbox 122 3205 1402 3296">
    <p class='ocr_par' dir='ltr' id='par_1_8' title="bbox 122 3205 1402 3296">
     <span class='ocr_line' id='line_1_28' title="bbox 122 3205 1402 3296; baseline 0.002 -19"><span class='ocrx_word' id='word_1_242' title='bbox 122 3291 128 3294; x_wconf 19' lang='grc' dir='ltr'><strong>μ</strong></span> <span class='ocrx_word' id='word_1_243' title='bbox 251 3210 375 3276; x_wconf 87' lang='lat' dir='ltr'>Sullam</span> <span class='ocrx_word' id='word_1_244' title='bbox 397 3210 557 3296; x_wconf 89' lang='lat' dir='ltr'>imprimis</span> <span class='ocrx_word' id='word_1_245' title='bbox 580 3210 676 3274; x_wconf 89' lang='lat' dir='ltr'>huius</span> <span class='ocrx_word' id='word_1_246' title='bbox 698 3210 824 3273; x_wconf 85' lang='lat' dir='ltr'>farinae</span> <span class='ocrx_word' id='word_1_247' title='bbox 846 3213 953 3275; x_wconf 90' lang='lat' dir='ltr'>mimis</span> <span class='ocrx_word' id='word_1_248' title='bbox 970 3220 1002 3275; x_wconf 88' lang='lat' dir='ltr'>et</span> <span class='ocrx_word' id='word_1_249' title='bbox 1018 3205 1238 3276; x_wconf 84' lang='lat' dir='ltr'>saltatricibus</span> <span class='ocrx_word' id='word_1_250' title='bbox 1256 3211 1402 3279; x_wconf 89' lang='lat' dir='ltr'>delecta·</span> 
     </span>
    </p>
   </div>
   <div class='ocr_carea' id='block_1_9' title="bbox 163 3311 1407 4525">
    <p class='ocr_par' dir='ltr' id='par_1_9' title="bbox 250 3311 1405 3602">
     <span class='ocr_line' id='line_1_29' title="bbox 250 3311 1403 3398; baseline 0.003 -23"><span class='ocrx_word' id='word_1_251' title='bbox 250 3323 319 3376; x_wconf 91' lang='lat' dir='ltr'>tum</span> <span class='ocrx_word' id='word_1_252' title='bbox 342 3333 413 3375; x_wconf 89' lang='lat' dir='ltr'>esse</span> <span class='ocrx_word' id='word_1_253' title='bbox 434 3320 547 3376; x_wconf 90' lang='lat' dir='ltr'>auctor</span> <span class='ocrx_word' id='word_1_254' title='bbox 569 3322 619 3376; x_wconf 88' lang='lat' dir='ltr'>est</span> <span class='ocrx_word' id='word_1_255' title='bbox 641 3311 835 3376; x_wconf 88' lang='lat' dir='ltr'>Plutarchus</span> <span class='ocrx_word' id='word_1_256' title='bbox 857 3313 892 3375; x_wconf 90' lang='lat' dir='ltr'>in</span> <span class='ocrx_word' id='word_1_257' title='bbox 915 3314 984 3377; x_wconf 87' lang='lat' dir='ltr'>vita</span> <span class='ocrx_word' id='word_1_258' title='bbox 1006 3312 1126 3395; x_wconf 87' lang='lat' dir='ltr'>Sullae,</span> <span class='ocrx_word' id='word_1_259' title='bbox 1151 3334 1221 3398; x_wconf 91' lang='lat' dir='ltr'>cap.</span> <span class='ocrx_word' id='word_1_260' title='bbox 1246 3315 1266 3377; x_wconf 80' lang='grc'>2</span> <span class='ocrx_word' id='word_1_261' title='bbox 1291 3325 1326 3379; x_wconf 90' lang='lat' dir='ltr'>et</span> <span class='ocrx_word' id='word_1_262' title='bbox 1349 3319 1403 3381; x_wconf 84' lang='grc'>36.</span> 
     </span>
     <span class='ocr_line' id='line_1_30' title="bbox 251 3413 1405 3502; baseline 0.003 -24"><span class='ocrx_word' id='word_1_263' title='bbox 251 3413 343 3478; x_wconf 89' lang='lat' dir='ltr'>Haec</span> <span class='ocrx_word' id='word_1_264' title='bbox 366 3415 522 3479; x_wconf 89' lang='lat' dir='ltr'>hactenus</span> <span class='ocrx_word' id='word_1_265' title='bbox 540 3416 581 3478; x_wconf 89' lang='lat' dir='ltr'>de</span> <span class='ocrx_word' id='word_1_266' title='bbox 596 3413 697 3478; x_wconf 89' lang='lat' dir='ltr'>altero</span> <span class='ocrx_word' id='word_1_267' title='bbox 713 3415 884 3478; x_wconf 92' lang='lat' dir='ltr'>mimorum</span> <span class='ocrx_word' id='word_1_268' title='bbox 898 3437 1028 3499; x_wconf 92' lang='lat' dir='ltr'>genere,</span> <span class='ocrx_word' id='word_1_269' title='bbox 1052 3415 1139 3500; x_wconf 90' lang='lat' dir='ltr'>quod</span> <span class='ocrx_word' id='word_1_270' title='bbox 1154 3417 1287 3502; x_wconf 90' lang='lat' dir='ltr'>proprie</span> <span class='ocrx_word' id='word_1_271' title='bbox 1305 3428 1405 3482; x_wconf 86' lang='lat' dir='ltr'>extra</span> 
     </span>
     <span class='ocr_line' id='line_1_31' title="bbox 251 3518 589 3602; baseline -0.006 -20"><span class='ocrx_word' id='word_1_272' title='bbox 251 3540 400 3582; x_wconf 91' lang='lat' dir='ltr'>scaenam</span> <span class='ocrx_word' id='word_1_273' title='bbox 422 3518 589 3602; x_wconf 89' lang='lat' dir='ltr'>agebatur.</span> 
     </span>
    </p>

    <p class='ocr_par' dir='ltr' id='par_1_10' title="bbox 251 3618 1407 4115">
     <span class='ocr_line' id='line_1_32' title="bbox 335 3618 1406 3705; baseline 0.004 -21"><span class='ocrx_word' id='word_1_274' title='bbox 335 3621 581 3705; x_wconf 74' lang='lat' dir='ltr'>Neque&#39;tamen</span> <span class='ocrx_word' id='word_1_275' title='bbox 603 3619 787 3682; x_wconf 87' lang='lat' dir='ltr'>mirandum</span> <span class='ocrx_word' id='word_1_276' title='bbox 809 3627 858 3682; x_wconf 87' lang='lat' dir='ltr'>est</span> <span class='ocrx_word' id='word_1_277' title='bbox 880 3620 915 3681; x_wconf 92' lang='lat' dir='ltr'>in</span> <span class='ocrx_word' id='word_1_278' title='bbox 936 3618 1063 3682; x_wconf 86' lang='lat' dir='ltr'>theatra</span> <span class='ocrx_word' id='word_1_279' title='bbox 1085 3641 1212 3704; x_wconf 91' lang='lat' dir='ltr'>quoque</span> <span class='ocrx_word' id='word_1_280' title='bbox 1234 3619 1406 3688; x_wconf 87' lang='lat' dir='ltr'>admissos</span> 
     </span>
     <span class='ocr_line' id='line_1_33' title="bbox 251 3719 1401 3806; baseline 0.003 -21"><span class='ocrx_word' id='word_1_281' title='bbox 251 3744 322 3786; x_wconf 90' lang='lat' dir='ltr'>esse</span> <span class='ocrx_word' id='word_1_282' title='bbox 344 3723 471 3804; x_wconf 62' lang='lat' dir='ltr'>mimos</span> <span class='ocrx_word' id='word_1_283' title='bbox 494 3721 552 3785; x_wconf 91' lang='lat' dir='ltr'>ubi</span> <span class='ocrx_word' id='word_1_284' title='bbox 574 3730 630 3783; x_wconf 90' lang='lat' dir='ltr'>aut</span> <span class='ocrx_word' id='word_1_285' title='bbox 646 3719 777 3784; x_wconf 93' lang='lat' dir='ltr'>embolii</span> <span class='ocrx_word' id='word_1_286' title='bbox 793 3729 848 3783; x_wconf 85' lang='lat' dir='ltr'>aut</span> <span class='ocrx_word' id='word_1_287' title='bbox 865 3719 976 3784; x_wconf 84' lang='lat' dir='ltr'>exodii</span> <span class='ocrx_word' id='word_1_288' title='bbox 992 3722 1065 3783; x_wconf 86' lang='lat' dir='ltr'>vice</span> <span class='ocrx_word' id='word_1_289' title='bbox 1079 3721 1306 3806; x_wconf 86' lang='lat' dir='ltr'>fungerentur.</span> <span class='ocrx_word' id='word_1_290' title='bbox 1348 3725 1401 3788; x_wconf 78' lang='lat' dir='ltr'>Of.</span> 
     </span>
     <span class='ocr_line' id='line_1_34' title="bbox 251 3820 1405 3909; baseline 0.003 -22"><span class='ocrx_word' id='word_1_291' title='bbox 251 3824 327 3887; x_wconf 89' lang='lat' dir='ltr'>Liv.</span> <span class='ocrx_word' id='word_1_292' title='bbox 351 3824 386 3902; x_wconf 92' lang='grc'>7,</span> <span class='ocrx_word' id='word_1_293' title='bbox 409 3822 445 3904; x_wconf 79' lang='grc'>2,</span> <span class='ocrx_word' id='word_1_294' title='bbox 472 3824 520 3884; x_wconf 91' lang='grc'>11.</span> <span class='ocrx_word' id='word_1_295' title='bbox 565 3821 635 3885; x_wconf 90' lang='lat' dir='ltr'>Iam</span> <span class='ocrx_word' id='word_1_296' title='bbox 664 3822 717 3884; x_wconf 82' lang='lat' dir='ltr'>fac</span> <span class='ocrx_word' id='word_1_297' title='bbox 746 3820 811 3905; x_wconf 93' lang='lat' dir='ltr'>illi,</span> <span class='ocrx_word' id='word_1_298' title='bbox 841 3823 896 3906; x_wconf 94' lang='lat' dir='ltr'>qui</span> <span class='ocrx_word' id='word_1_299' title='bbox 923 3822 1082 3886; x_wconf 88' lang='lat' dir='ltr'>muliones</span> <span class='ocrx_word' id='word_1_300' title='bbox 1111 3823 1233 3886; x_wconf 86' lang='lat' dir='ltr'>imitari</span> <span class='ocrx_word' id='word_1_301' title='bbox 1261 3825 1405 3909; x_wconf 89' lang='lat' dir='ltr'>solebat,</span> 
     </span>
     <span class='ocr_line' id='line_1_35' title="bbox 252 3905 1405 4011; baseline 0.003 -24"><span class='ocrx_word' id='word_1_302' title='bbox 252 3925 398 4008; x_wconf 88' lang='lat' dir='ltr'>(Petron.</span> <span class='ocrx_word' id='word_1_303' title='bbox 422 3923 488 3987; x_wconf 85' lang='lat' dir='ltr'>Sat.</span> <span class='ocrx_word' id='word_1_304' title='bbox 512 3923 567 4007; x_wconf 91' lang='grc'>68)</span> <span class='ocrx_word' id='word_1_305' title='bbox 597 3932 726 4008; x_wconf 90' lang='lat' dir='ltr'>praesto</span> <span class='ocrx_word' id='word_1_306' title='bbox 748 3923 851 3987; x_wconf 85' lang='lat' dir='ltr'>fuisse</span> <span class='ocrx_word' id='word_1_307' title='bbox 873 3923 1012 4006; x_wconf 80' lang='lat' dir='ltr'>mulum3</span> <span class='ocrx_word' id='word_1_308' title='bbox 1041 3922 1181 4005; x_wconf 90' lang='lat' dir='ltr'>facilli,</span> <span class='ocrx_word' id='word_1_309' title='bbox 1212 3905 1273 4011; x_wconf 87' lang='lat' dir='ltr'>qui</span> <span class='ocrx_word' id='word_1_310' title='bbox 1294 3931 1405 3991; x_wconf 86' lang='lat' dir='ltr'>causi-</span> 
     </span>
     <span class='ocr_line' id='line_1_36' title="bbox 252 4023 1407 4115; baseline 0.004 -26"><span class='ocrx_word' id='word_1_311' title='bbox 252 4026 342 4090; x_wconf 91' lang='lat' dir='ltr'>dicos</span> <span class='ocrx_word' id='word_1_312' title='bbox 365 4023 612 4108; x_wconf 89' lang='lat' dir='ltr'>ludificabatur,</span> <span class='ocrx_word' id='word_1_313' title='bbox 642 4025 827 4108; x_wconf 88' lang='lat' dir='ltr'>adstitisse,</span> <span class='ocrx_word' id='word_1_314' title='bbox 852 4038 948 4112; x_wconf 89' lang='lat' dir='ltr'>quem</span> <span class='ocrx_word' id='word_1_315' title='bbox 969 4047 1088 4110; x_wconf 87' lang='lat' dir='ltr'>magna</span> <span class='ocrx_word' id='word_1_316' title='bbox 1111 4048 1191 4090; x_wconf 90' lang='lat' dir='ltr'>voce</span> <span class='ocrx_word' id='word_1_317' title='bbox 1213 4027 1407 4115; x_wconf 89' lang='lat' dir='ltr'>increparet</span> 
     </span>
    </p>

    <p class='ocr_par' dir='ltr' id='par_1_11' title="bbox 163 4127 1406 4525">
     <span class='ocr_line' id='line_1_37' title="bbox 216 4127 1405 4217; baseline 0.001 -22"><span class='ocrx_word' id='word_1_318' title='bbox 216 4191 219 4195; x_wconf 87' lang='lat'>.</span> <span class='ocrx_word' id='word_1_319' title='bbox 254 4127 307 4191; x_wconf 87' lang='lat' dir='ltr'>vel</span> <span class='ocrx_word' id='word_1_320' title='bbox 337 4129 394 4214; x_wconf 88' lang='lat' dir='ltr'>qui</span> <span class='ocrx_word' id='word_1_321' title='bbox 421 4127 567 4190; x_wconf 89' lang='lat' dir='ltr'>accusati</span> <span class='ocrx_word' id='word_1_322' title='bbox 589 4137 698 4213; x_wconf 89' lang='lat' dir='ltr'>partes</span> <span class='ocrx_word' id='word_1_323' title='bbox 721 4137 848 4212; x_wconf 86' lang='lat' dir='ltr'>ageret:</span> <span class='ocrx_word' id='word_1_324' title='bbox 878 4149 918 4190; x_wconf 88' lang='lat' dir='ltr'>en</span> <span class='ocrx_word' id='word_1_325' title='bbox 940 4129 1025 4190; x_wconf 87' lang='lat' dir='ltr'>iacta</span> <span class='ocrx_word' id='word_1_326' title='bbox 1048 4137 1123 4192; x_wconf 90' lang='lat' dir='ltr'>sunt</span> <span class='ocrx_word' id='word_1_327' title='bbox 1144 4129 1240 4191; x_wconf 90' lang='lat' dir='ltr'>initia</span> <span class='ocrx_word' id='word_1_328' title='bbox 1263 4128 1405 4217; x_wconf 90' lang='lat' dir='ltr'>dialogi,</span> 
     </span>
     <span class='ocr_line' id='line_1_38' title="bbox 163 4229 1406 4320; baseline 0.005 -28"><span class='ocrx_word' id='word_1_329' title='bbox 163 4270 166 4278; x_wconf 92' lang='lat'>·</span> <span class='ocrx_word' id='word_1_330' title='bbox 253 4231 310 4316; x_wconf 92' lang='lat' dir='ltr'>qui</span> <span class='ocrx_word' id='word_1_331' title='bbox 332 4232 403 4315; x_wconf 87' lang='lat' dir='ltr'>ipse</span> <span class='ocrx_word' id='word_1_332' title='bbox 426 4229 583 4294; x_wconf 87' lang='lat' dir='ltr'>dramatis</span> <span class='ocrx_word' id='word_1_333' title='bbox 607 4230 699 4315; x_wconf 90' lang='lat' dir='ltr'>quasi</span> <span class='ocrx_word' id='word_1_334' title='bbox 721 4229 794 4294; x_wconf 88' lang='lat' dir='ltr'>fons</span> <span class='ocrx_word' id='word_1_335' title='bbox 818 4251 889 4294; x_wconf 85' lang='lat' dir='ltr'>esse</span> <span class='ocrx_word' id='word_1_336' title='bbox 911 4237 1000 4294; x_wconf 87' lang='lat' dir='ltr'>recte</span> <span class='ocrx_word' id='word_1_337' title='bbox 1021 4229 1195 4294; x_wconf 87' lang='lat' dir='ltr'>iudicatur.</span> <span class='ocrx_word' id='word_1_338' title='bbox 1235 4229 1316 4295; x_wconf 89' lang='lat' dir='ltr'>Huc</span> <span class='ocrx_word' id='word_1_339' title='bbox 1332 4256 1406 4320; x_wconf 88' lang='lat' dir='ltr'>per-</span> 
     </span>
     <span class='ocr_line' id='line_1_39' title="bbox 253 4329 1406 4419; baseline 0.006 -25"><span class='ocrx_word' id='word_1_340' title='bbox 253 4333 350 4412; x_wconf 90' lang='lat' dir='ltr'>tinet,</span> <span class='ocrx_word' id='word_1_341' title='bbox 381 4331 468 4418; x_wconf 91' lang='lat' dir='ltr'>quod</span> <span class='ocrx_word' id='word_1_342' title='bbox 496 4329 684 4395; x_wconf 88' lang='lat' dir='ltr'>Athenaeus</span> <span class='ocrx_word' id='word_1_343' title='bbox 716 4331 773 4419; x_wconf 89' lang='grc'>10,</span> <span class='ocrx_word' id='word_1_344' title='bbox 793 4329 857 4395; x_wconf 82' lang='lat'>452</span> <span class='ocrx_word' id='word_1_345' title='bbox 884 4330 912 4393; x_wconf 85' lang='lat' dir='ltr'><strong>F</strong></span> <span class='ocrx_word' id='word_1_346' title='bbox 942 4332 1090 4396; x_wconf 91' lang='lat' dir='ltr'>narravit</span> <span class='ocrx_word' id='word_1_347' title='bbox 1117 4332 1158 4395; x_wconf 91' lang='lat' dir='ltr'>de</span> <span class='ocrx_word' id='word_1_348' title='bbox 1186 4330 1406 4401; x_wconf 90' lang='lat' dir='ltr'>Ischomacho</span> 
     </span>
     <span class='ocr_line' id='line_1_40' title="bbox 252 4431 1406 4525; baseline 0.004 -28"><span class='ocrx_word' id='word_1_349' title='bbox 252 4435 368 4499; x_wconf 90' lang='lat' dir='ltr'>mimo:</span> <span class='ocrx_word' id='word_1_350' title='bbox 391 4434 556 4500; x_wconf 91' lang='lat' dir='ltr'>imitatum</span> <span class='ocrx_word' id='word_1_351' title='bbox 578 4454 652 4498; x_wconf 89' lang='lat' dir='ltr'>eum</span> <span class='ocrx_word' id='word_1_352' title='bbox 674 4454 745 4498; x_wconf 89' lang='lat' dir='ltr'>esse</span> <span class='ocrx_word' id='word_1_353' title='bbox 765 4431 930 4498; x_wconf 89' lang='lat' dir='ltr'>hominem</span> <span class='ocrx_word' id='word_1_354' title='bbox 952 4434 1111 4499; x_wconf 87' lang='lat' dir='ltr'>rusticum</span> <span class='ocrx_word' id='word_1_355' title='bbox 1132 4435 1210 4498; x_wconf 87' lang='lat' dir='ltr'>vino</span> <span class='ocrx_word' id='word_1_356' title='bbox 1230 4434 1406 4525; x_wconf 89' lang='lat' dir='ltr'>epulisque</span> 
     </span>
    </p>
   </div>
   <div class='ocr_carea' id='block_1_10' title="bbox 0 0 1529 5108">
    <p class='ocr_par' dir='ltr' id='par_1_12' title="bbox 0 0 1529 5108">
     <span class='ocr_line' id='line_1_41' title="bbox 0 0 1529 5108; baseline 0 0"><span class='ocrx_word' id='word_1_357' title='bbox 0 0 1529 5108; x_wconf 95' lang='lat' dir='ltr'> </span> 
     </span>
    </p>
   </div>
  </div>
 </body>
</html>
