3014 5116
317 429 359 497 52
755 445 1028 530 rauracorum.

263 674 266 680 .
318 625 412 666 suum
427 602 569 689 speciem
583 599 812 665 assimilarent.
847 600 938 681 Quas
953 598 1109 674 facillime
1125 618 1302 682 agnoscas,
1325 594 1382 658 ubi
1394 617 1447 658 ver·

316 726 380 784 sus*
395 704 613 790 interpretans
636 700 857 768 Publilianum
879 704 990 767 statim
1013 700 1237 786 subsequitur,
1262 708 1301 763 ut

442 846 576 905 304Lca
596 845 672 906 uidet
692 848 810 914 iratum,
833 847 929 903 iratus
950 846 1038 920 leyeru
1059 860 1120 902 uou
1136 843 1227 900 ⁴uiolet.

442 954 492 1002 305
513 948 620 1024 Leyeu
641 946 712 1008 solit
733 948 859 1007 obliuisci
880 947 1044 1004 iracundia.

443 1055 492 1104 198
515 1047 645 1109 Grauius
665 1051 778 1108 malum
798 1067 883 1108 orauc
905 1053 954 1115 est,
977 1048 1053 1120 quod
1073 1046 1128 1104 sub
1150 1049 1275 1117 aspectu
1299 1045 1373 1103 latet.

295 1153 301 1163 '
380 1190 382 1193 ψ
441 1158 492 1206 200
514 1149 640 1211 Gravior
662 1156 702 1210 est
722 1153 869 1218 iuimicus,
890 1147 893 1227 l
914 1152 964 1222 qui
982 1150 1050 1207 latet
1070 1151 1104 1206 iu
1119 1151 1246 1220 pectore.

316 1282 426 1346 Possis
456 1283 554 1345 etiam
581 1283 667 1346 inter
698 1304 732 1346 se
763 1279 960 1347 contendere
989 1301 1021 1342 v.
1044 1278 1086 1343 52
1109 1287 1141 1341 et
1163 1277 1222 1360 57,
1259 1277 1322 1341 188
1346 1284 1377 1339 et
1398 1275 1451 1353 190,

267 1371 269 1373 ’
314 1382 379 1446 524
401 1390 432 1446 et
454 1383 528 1465 540,
552 1383 614 1448 603
637 1393 668 1447 et
690 1384 763 1447 611.

399 1484 507 1569 Magis
525 1483 652 1548 lubrica
667 1486 722 1548 via
738 1484 867 1567 editori,
890 1483 948 1547 ubi
963 1481 1176 1569 interpolator
1193 1482 1342 1566 primum
1359 1499 1453 1541 versus

316 1584 513 1650 vocabulum
536 1587 694 1669 mutavit,
718 1585 870 1651 librarius
894 1595 1024 1671 postea,
1049 1607 1122 1648 oum
1144 1583 1258 1648 omnia
1283 1579 1328 1646 ad
1350 1579 1453 1644 littera-

315 1709 388 1750 rum
417 1686 565 1751 ordinem
592 1698 780 1771 revocaret,
810 1710 868 1752 suo
896 1689 966 1753 loco
988 1682 1177 1768 inseruit*).
1225 1683 1331 1763 Quod
1353 1682 1454 1745 iacun

315 1809 386 1851 esse
409 1787 505 1853 oredo
527 1789 562 1853 in
723 1798 726 1801 ’
1247 1803 1254 1807 “

420 1948 446 1985 v.
462 1937 511 1985 392
535 1929 639 1990 Nimio
660 1932 837 1990 couoerieuiio
858 1933 1006 1990 interdum
1027 1931 1150 1989 multitia
1169 1931 1224 2000 fit.
1242 1928 1319 1987 coll.
1336 1947 1366 1988 v.

465 2039 514 2086 180
536 2032 678 2092 Facilitas
699 2036 795 2095 uiuio
816 2035 856 2091 uri
871 2037 986 2105 partera
1009 2033 1148 2090 stultitiae
1168 2032 1261 2103 rapit.

460 2141 513 2187 278
535 2134 690 2193 Iruerduru
711 2135 794 2193 habet
816 2136 955 2192 stultitiae
971 2138 1088 2208 partem
1109 2133 1249 2204 facilitas.

315 2263 370 2326 vel
392 2272 525 2349 propter
548 2265 724 2349 pessimum
746 2265 848 2328 ictum
863 2265 962 2329 ,vocis
985 2264 1183 2329 coucedeudo.
1224 2260 1281 2326 Cf.
1307 2260 1403 2324 ad‘v.
1417 2258 1454 2322 83.
1490 2342 1492 2355 ζ

252 2446 255 2447 ⁷
316 2365 391 2428 141.
416 2364 487 2429 165.
511 2365 552 2428 86
575 2375 606 2429 et
627 2366 701 2430 439.
745 2365 886 2430 Versum
907 2367 971 2430 252
1004 2366 1008 2367 ⁷

558 2507 675 2566 Iactura
696 2509 816 2566 taoeuolo
838 2511 948 2567 crimea
967 2507 1064 2579 facias
1083 2507 1182 2564 acrius

255 2655 258 2659 ’
316 2646 423 2715 ortum
446 2658 518 2700 esse
541 2638 716 2724 suspiceris
739 2659 781 2700 ex
803 2659 835 2705 v.
858 2638 918 2701 331

486 2779 675 2837 Maledictum
697 2780 914 2852 iutcrureluuiio
936 2780 1047 2836 crimea
1067 2778 1162 2849 focius
1184 2780 1299 2846 aeriae,

277 2966 280 2970 Α
305 2919 352 2975 ⁴et
375 2906 639 2994 interpolatorem
661 2908 832 2996 scripsisse
847 2907 978 2971 Dictura
999 2909 1147 2972 iactaudo
1170 2906 1226 2971 vel
1242 2908 1402 2976 lactando
1417 2905 1436 2986 f
1445 2940 1457 2956 ι·
1490 2908 1491 2911 ’

318 3015 408 3072 ctum.
454 3010 501 3074 Et.
527 3008 580 3072 hic
608 3018 738 3072 vastum
767 3019 877 3095 patere
904 3009 1017 3072 critico
1046 3030 1210 3094 campum,
1244 3011 1322 3095 quis
1346 3005 1463 3090 estqui

317 3108 440 3194 neget?
473 3110 562 3196 ipse,
591 3119 628 3174 ut
656 3111 737 3174 mihi
767 3120 963 3193 constarem,
994 3109 1084 3174 nolui
1112 3110 1222 3174 omnia
1250 3111 1402 3191 turbare,
1427 3127 1458 3168 ne

313 3210 430 3274 lectori
453 3209 569 3274 falsam
593 3210 740 3275 codicum
763 3210 939 3297 imaginem
961 3220 1252 3298 repraesentarem.
1349 3298 1358 3309 x
1491 3212 1493 3220 '

385 3399 412 3464 *l
433 3402 512 3462 Quae
531 3402 561 3450 in
580 3402 707 3451 versibus
720 3401 895 3467 interpolatis
909 3403 1023 3451 concedi
1035 3406 1127 3466 potest
1139 3401 1377 3466 transpositionis
1388 3402 1459 3450 licen-

287 3489 291 3499 *
323 3486 373 3549 tia,
393 3485 428 3534 ad
448 3485 562 3535 eandem
580 3492 730 3551 provocare
748 3502 801 3535 non
820 3487 900 3549 licet,
924 3487 973 3536 ubi
992 3488 1085 3550 agitur
1103 3485 1137 3534 de
1155 3485 1309 3536 vocabulis
1328 3484 1460 3550 corruptis.

314 3569 359 3622 cf.
378 3570 525 3620 Ritsehelii
550 3587 643 3636 opusc.
663 3575 690 3634 ἓ,
709 3573 766 3621 665.
803 3571 945 3634 Nusquam
968 3572 1052 3636 igitur
1071 3573 1160 3635 prima
1179 3585 1316 3620 versuum
1336 3555 1462 3622 voeabula

314 3657 356 3703 ita
377 3654 598 3717 emendavimus,
624 3661 654 3705 ut
672 3656 766 3706 littera
784 3655 901 3706 initialis
924 3661 1088 3719 mutaretur,
1111 3670 1145 3704 ne
1164 3656 1193 3703 in
1211 3657 1347 3706 versibus
1366 3639 1463 3720 (suidam

312 3741 375 3788 θεῖ
398 3739 460 3800 138,
490 3754 556 3802 quos
581 3740 659 3788 malit
691 3742 754 3804 quis
781 3742 893 3790 mutatis
916 3740 1080 3790 sedibusxin
1105 3739 1184 3791 codd.
1203 3740 1277 3804 legi:
1308 3742 1464 3792 facillimum
1504 3723 1505 3731 ἵ

313 3822 382 3871 enim
404 3827 478 3871 esset
499 3830 526 3872 et
544 3825 599 3873 v.9
619 3824 766 3873 emendare
785 3821 934 3889 Despieere
953 3824 1027 3892 (libri
1045 3822 1199 3890 Atatem),
1219 3842 1247 3877 v.
1263 3828 1316 3877 138
1335 3822 1467 3877 Amissum

312 3905 390 3970 (libri
408 3903 583 3972 Dimissuu).
1266 3906 1272 3910 ’
