3044 5124
289 349 349 417 132
681 361 899 412 senrnnrmn
924 362 1033 412 meso

372 519 471 599 Quod
494 519 551 584 diu
573 519 735 600 tractaris,
759 517 794 581 id
814 524 895 604 puta
916 517 1147 581 rectissimum.

371 620 470 701 Quod
492 642 563 686 esse
584 621 720 685 tacitum
743 620 806 701 vis,
830 619 865 683 id
887 616 970 682 nulli
993 617 1130 682 dixerir.
1177 633 1189 640 ··

287 730 349 788 320
371 722 469 802 Quod
491 722 600 787 facere
621 731 717 807 turpe
739 730 800 803 θεῖ,
823 720 933 783 dicere
954 742 996 783 ne
1017 718 1190 784 honestum
1213 728 1305 806 puta.

372 824 470 905 Quod
492 825 619 888 nescias
643 822 798 886 damnare
820 844 949 887 summa
972 830 1022 885 θεῖ
1043 823 1226 886 temeritas.

372 925 472 1005 Quod
493 924 565 990 vult
587 924 696 1008 habet,
721 927 777 1012 qui
800 923 884 988 velle
908 923 995 1009 quod
1018 924 1098 988 satis
1122 934 1182 1008 θεῖ,
1206 932 1330 1011 potest.

371 1026 483 1107 Quum
504 1036 632 1114 tempus
655 1035 797 1107 revocat,
822 1023 878 1089 illa
900 1047 1043 1112 praecox
1066 1035 1115 1090 est
1137 1026 1229 1110 fuga.

371 1129 485 1193 Refert
507 1130 666 1194 bonorum
688 1127 849 1215 exemplis
871 1128 982 1214 puniri
1004 1127 1182 1214 improbos.

287 1237 347 1294 325
370 1231 485 1294 Refert
508 1253 604 1318 quam
627 1232 699 1316 quis
723 1231 807 1295 bene
829 1231 937 1312 vivat3
962 1251 1059 1315 quam
1082 1229 1139 1294 diu
1162 1252 1228 1294 non
1251 1230 1367 1295 refert.

369 1333 461 1417 Rege
490 1330 644 1398 incolumi
674 1354 765 1396 mens
796 1331 947 1396 omnibus
977 1353 1051 1394 una.
1072 1341 1139 1414 est;
1168 1333 1291 1398 amisso
1322 1354 1442 1419 rupere

894 1433 1003 1496 fidem.

370 1536 518 1622 Regibus
542 1537 660 1603 certior
683 1545 732 1600 est
756 1558 797 1599 ex
819 1534 1070 1599 mansuetudine
1092 1537 1261 1600 securitas.

369 1639 496 1724 Regum
518 1639 650 1703 fortuna
672 1660 765 1702 casus
788 1637 984 1723 praecipites
1007 1646 1102 1702 rotat.

369 1741 518 1827 Repente
540 1740 634 1805 dives
657 1763 751 1804 nemo
774 1739 880 1803 factus
904 1748 954 1803 est
976 1739 1092 1805 bonus.

289 1849 351 1907 330
372 1842 438 1906 Res
462 1844 609 1930 inquieta
631 1852 680 1907 est
702 1843 737 1905 in
759 1865 794 1906 se
815 1843 920 1928 ipsam
943 1839 1095 1905 felicitas.

370 1945 551 2009 Revertere
573 1945 660 2009 unde
682 1945 812 2009 veneris
835 1941 919 2007 nihil
941 1964 1043 2027 grave
1066 1951 1125 2007 est.

370 2045 561 2110 Ridiculum
584 2055 632 2112 est
655 2047 730 2111 odio
752 2046 900 2110 nocentis
923 2045 1061 2131 perdere
1083 2046 1317 2110 innocentiam.

372 2146 477 2234 Saepe
500 2148 706 2213 dissimulare
729 2170 826 2236 quam
848 2145 965 2212 ulcisci
987 2148 1090 2211 ratius
1112 2146 1187 2212 fuit.

372 2248 477 2336 Saepe
499 2251 630 2316 fortuna
652 2251 875 2335 innocentem,
899 2271 1076 2336 numquam
1098 2272 1174 2336 spes
1196 2251 1284 2316 bona
1308 2247 1446 2314 deserit.

286 2359 347 2416 335
373 2351 477 2440 Saepe
499 2351 585 2417 oculi
608 2362 640 2418 θῖ
661 2375 756 2418 aures
780 2352 873 2438 vulgi
894 2360 995 2417 testes
1017 2361 1094 2415 sunt
1117 2350 1205 2416 mali.

371 2454 508 2542 Saepius
531 2453 686 2539 locutum,
710 2477 886 2542 numquam
908 2476 960 2517 me
982 2455 1126 2519 tacuisse
1148 2455 1308 2541 paenitet.

371 2555 456 2621 Salis
480 2555 701 2622 absumendus
725 2556 864 2638 modius,
888 2558 1079 2644 priusquam
1101 2555 1223 2620 habeas
1247 2555 1362 2620 fidem.

371 2658 507 2746 Sapiens
537 2661 599 2724 etsi
628 2657 798 2724 contentus
828 2667 878 2722 θεῖ
901 2681 951 2742 εθ,
980 2667 1089 2723 tamen
1117 2659 1259 2722 amicum
1289 2657 1365 2724 vult
1390 2659 1445 2722 ha-

893 2761 970 2825 bere
994 2770 1026 2824 et
1049 2782 1080 2847 q.
1104 2784 1130 2825 ε.

373 2861 511 2949 Sapiens
534 2859 618 2926 nihil
639 2862 729 2946 facit,
753 2863 840 2950 quod
861 2885 927 2927 non
950 2862 1057 2945 debet,
1082 2871 1113 2926 et
1135 2861 1219 2926 nihil
1234 2864 1445 2950 praetermit-

895 2966 945 3047 tit,
970 2965 1058 3051 quod
1081 2962 1190 3029 debet.

288 3071 352 3130 340
375 3065 513 3131 Securus
537 3065 616 3150 obit,
640 3068 696 3153 qui
718 3068 800 3131 vitia
822 3089 881 3154 sua
903 3075 978 3130 ante
1001 3064 1157 3130 immolat.

372 3293 433 3352 318
457 3296 499 3351 Gr
514 3293 542 3359 2.
558 3294 633 3352 Grec.
656 3294 729 3351 Balh.
752 3295 822 3351 lion.
840 3294 895 3367 28,
915 3297 948 3367 1,
969 3314 1016 3370 pg.
1034 3293 1073 3352 29
1162 3294 1222 3352 319
1245 3296 1281 3351 F.
1301 3295 1343 3351 Cf.
1360 3313 1444 3370 supro

285 3397 330 3454 pg.
349 3379 420 3453 101,
437 3379 476 3436 75
565 3379 627 3438 320
648 3382 697 3437 Pr.
715 3379 789 3436 Caee'.
806 3380 877 3436 leh.
894 3379 965 3436 lton.
983 3381 1011 3453 1,
1027 3378 1056 3452 2,
1072 3396 1118 3453 pg.
1135 3379 1173 3451 18
1190 3396 1251 3435 eum
1267 3379 1364 3436 adnot.

285 3464 344 3521 321
362 3464 411 3521 Pr.
471 3463 531 3522 322
548 3466 597 3521 Pr.
612 3465 736 3521 Incertus
750 3461 832 3540 poete
848 3483 889 3539 ap.
906 3466 968 3522 Seu.
986 3467 1064 3539 epist.
1085 3464 1155 3535 108,
1173 3465 1210 3520 11
1268 3464 1332 3522 323
1349 3467 1401 3522 Pr.

286 3548 347 3605 324
371 3549 406 3605 F.
494 3549 556 3607 325
580 3552 631 3608 Gr.
649 3567 680 3606 ei
695 3550 780 3606 Pelet.
798 3550 839 3605 Cf.
856 3549 917 3607 Sen.
934 3551 1013 3625 epist.
1034 3550 1110 3619 100,
1129 3549 1179 3621 15,
1195 3558 1223 3605 et
1238 3567 1322 3623 supro¹
1338 3569 1363 3605 v.
1383 3551 1445 3606 248

371 3634 432 3692 326
457 3635 507 3692 Ge.
526 3635 587 3692 Sen.
610 3636 643 3691 de
658 3636 737 3691 elem.
755 3636 790 3707 1,
806 3634 842 3709 4,
860 3634 877 3690 2
900 3635 962 3691 coll.
979 3635 1059 3708 Verg.
1077 3633 1177 3707 Georg.
1193 3633 1230 3706 4,
1248 3634 1311 3692 213
1334 3643 1363 3690 et
1380 3636 1443 3692 Son.

288 3721 369 3792 epist.
389 3718 459 3792 114,
476 3719 515 3776 23
559 3725 561 3729 “
603 3719 663 3777 327
689 3722 744 3777 Pa.
761 3719 822 3776 Seu.
839 3720 873 3775 de
888 3720 965 3776 clem.
984 3722 1013 3793 1,
1029 3719 1094 3791 8,6
1174 3719 1235 3776 328
1259 3719 1444 3776 Bullenan·

286 3803 334 3858 der
348 3822 395 3878 pg.
412 3803 473 3861 333
490 3804 567 3859 Mem.
655 3805 715 3862 323
738 3806 788 3861 Pr.
804 3805 949 3862 Menander
964 3812 1083 3860 monost.
1101 3804 1162 3860 688
1180 3792 1279 3871 οὐδεὶς
1296 3797 1445 3878 ἐπλούτη-

287 3902 339 3942 σεν
354 3881 462 3960 ταχέως
479 3883 593 3956 δίκαιος
609 3874 660 3945 civ.
759 3890 822 3948 330
844 3891 893 3946 Pr.
911 3891 972 3946 Seu.
990 3891 1069 3964 epist.
1086 3889 1171 3958 36,1
1265 3888 1327 3946 331
1355 3891 1400 3946 Gr
1416 3891 1443 3946 2.

287 3973 350 4049 Sen.
367 3972 400 4027 de
416 3980 503 4046 tranq.
521 3990 563 4028 an.
581 3973 666 4047 11,4
753 3975 813 4032 332
838 3976 872 4031 E.
889 3975 929 4031 Cf.
947 3991 1028 4048 supra
1042 3992 1090 4048 pg.
1109 3972 1180 4045 105,
1197 3973 1237 4030 85
1303 3974 1368 4032 333
1392 3977 1442 4032 Pr.

288 4056 352 4114 Sen.
369 4057 403 4113 de
418 4059 457 4113 ira
474 4057 503 4128 2,
520 4058 571 4130 33,
590 4058 605 4113 1
693 4057 754 4116 334
779 4060 820 4116 Gr
837 4059 955 4116 21ἶθθθ.
972 4058 1045 4114 Balh.
1061 4059 1132 4114 lion.
1151 4058 1202 4131 25,
1218 4059 1247 4130 3,
1263 4076 1311 4133 pg.
1328 4057 1371 4116 28

291 4142 352 4200 335
376 4143 426 4204 Pr.
444 4142 520 4199 Grec.
537 4142 611 4203 Balh.
625 4143 696 4199 Mon.
710 4144 739 4215 1,
753 4145 803 4217 31,
820 4164 866 4220 pg.
881 4144 922 4202 20
980 4144 1041 4202 336
1065 4144 1115 4199 Gr.
1128 4142 1203 4200 Grec.
1215 4142 1288 4199 Balh.
1301 4143 1375 4200 Mon.
1392 4145 1444 4219 26,

288 4227 322 4299 1,
339 4246 385 4302 pg.
404 4228 443 4285 28
553 4228 613 4286 337
638 4230 691 4284 Bo.
713 4229 841 4286 Proverh.
865 4247 954 4304 graec.
977 4245 1009 4285 er
1029 4229 1142 4284 Aristot.
1166 4230 1224 4285 eth.
1242 4229 1298 4285 Nic.
1316 4228 1353 4299 8,
1375 4231 1444 4303 3,8

388 4313 448 4371 338
473 4315 523 4372 Go.
548 4313 610 4370 Scir.
633 4315 712 4387 epist.
734 4314 805 4386 9,8
912 4314 972 4372 339
997 4314 1047 4370 Go.
1070 4313 1133 4370 Sen.
1158 4314 1191 4370 de
1211 4314 1291 4370 clem.
1315 4313 1351 4388 2,
1371 4317 1443 4389 7,1
