3044 5124
291 402 293 404 ’
377 391 532 439 PUBLILII
556 389 634 439 SYRI
658 388 888 438 sunruurlnu.

146 546 290 611 Virtutis
314 543 418 630 spolia
441 567 514 618 cum
536 543 638 626 videt,
661 543 786 628 gaudet
806 543 906 607 labor.
944 580 945 584 =

147 648 290 712 Virtutis
313 647 423 711 vultus
447 655 574 734 partem
594 646 694 710 habet
716 646 885 710 victoriae.

146 749 279 814 Virtute
302 748 389 836 quod
411 769 477 814 non
499 749 617 836 possis,
641 745 801 812 blanditia
822 745 963 811 auferas.
1058 762 1060 765 ’

145 848 329 939 Utrumque
352 873 461 916 casum
484 852 631 937 aspicere
654 849 762 933 debet,
787 850 842 936 qui
864 850 1013 934 imperat.

60 959 125 1019 650
148 941 309 1040 Voluptas
332 954 433 1018 tacita
454 962 561 1018 metus
585 961 634 1016 est
655 974 751 1037 mage
774 973 871 1039 quam
892 949 1058 1036 gaudium.

146 1053 220 1118 Viri
243 1055 321 1131 boni
345 1065 397 1120 est
419 1057 546 1120 nescire
567 1056 723 1121 iniuriam
744 1055 823 1141 pati.
1069 1135 1080 1152 .

148 1156 251 1222 Vultu
273 1156 316 1221 an
338 1169 456 1224 natura
479 1158 609 1245 sapiens
632 1158 688 1239 sis,
711 1156 850 1222 multum
871 1157 1018 1221 interest.

148 1259 273 1325 Virtuti
295 1282 437 1325 amorem
459 1281 555 1324 nemo
577 1259 714 1324 honeste
737 1259 887 1344 denegat.
978 1343 980 1348 ἲ

61 1379 128 1419 Prov.
151 1361 263 1427 Zelurrr
284 1363 322 1426 de
344 1364 398 1429 deo
421 1367 546 1427 tuntum
567 1361 693 1440 habeus
717 1382 781 1426 non
803 1366 912 1428 contra
934 1361 1081 1441 homiues.

63 1468 123 1526 149
146 1456 256 1551 Zelurr'
279 1469 383 1531 auam
404 1464 584 1530 hominibus
604 1464 752 1530 vitiosum
774 1469 825 1529 est.

67 1706 200 1751 comeus
216 1710 240 1748 v.
258 1691 440 1761 629-653:
465 1694 493 1748 F
505 1690 585 1766 (Tra),
607 1690 733 1748 Proverh.
750 1692 834 1749 PRE

67 1828 107 1900 cf.
123 1845 147 1883 v.
166 1827 237 1886 238.
254 1828 314 1886 592
412 1828 553 1885 inferendo
569 1846 592 1884 π
687 1830 783 1885 invites
798 1829 839 1884 F:
854 1829 949 1884 invitss
964 1847 987 1883 π
1001 1829 1120 1902 1ηροῖεί.

3 1955 5 1958 -
68 1912 127 1970 647
153 1911 197 1986 Cf.
212 1932 237 1970 a.
254 1913 316 1971 492
389 1913 486 1969 vulnus
501 1913 621 1989 Inqolst.
704 1914 764 1971 648
787 1931 950 1970 nonem
1024 1912 1084 1971 649
1107 1921 1211 1968 utrum-

66 2014 119 2070 que
135 1991 241 2074 easum]
263 2002 280 2054 i.
298 2016 322 2056 e.
344 2002 493 2056 victoriam
514 2007 541 2055 et
559 2000 676 2074 seryum,
704 2002 748 2056 vel
764 2014 913 2071 prospera
935 2005 962 2055 et
983 2001 1108 2056 adversa

67 2082 129 2140 650
152 2099 229 2157 mage
246 2083 367 2140 Gruter:
388 2085 474 2158 magis
489 2085 530 2147 R·
553 2101 587 2139 m.
604 2085 689 2158 magis
706 2100 786 2158 quam
803 2084 929 2156 gaudium
946 2092 987 2139 est
1003 2085 1112 2156 Bothe,
1134 2099 1212 2157 mage

66 2185 101 2222 m.
120 2185 145 2240 q.
163 2186 190 2241 g.
208 2177 250 2224 est
266 2169 374 2225 Gruter
481 2168 540 2226 651
565 2165 719 2225 *iniuriam
736 2171 790 2243 pati
805 2171 869 2225 cell.
886 2187 911 2226 v.
928 2170 984 2226 99:
1000 2170 1047 2225 ini.
1063 2169 1151 2226 faeere
1166 2170 1214 2223 Fu

65 2255 151 2329 unde·
165 2255 247 2327 vulno
273 2253 362 2310 facere
383 2255 516 2309 iniuriam.
560 2260 596 2311 At
617 2256 689 2312 idem
711 2256 804 2311 codex
826 2271 848 2308 π
864 2257 956 2325 paulo
976 2271 1069 2326 supra
1091 2256 1211 2310 eandem

65 2341 236 2394 sententiam
257 2342 299 2395 sic
320 2340 452 2396 eoehibet:
479 2338 508 2394 V.
524 2338 549 2394 b.
567 2348 609 2394 est
629 2341 734 2395 nescire
754 2340 810 2412 pati
831 2339 873 2394 vel
894 2339 984 2395 facere
1004 2340 1126 2395 iniuriam
1149 2356 1213 2394 cum
1331 2337 1333 2340 ⁴

66 2421 151 2478 Caes.
168 2423 263 2481 Balbo
278 2422 396 2480 Monac.
412 2422 463 2495 22,
479 2422 499 2478 4
515 2423 560 2495 (p.
577 2423 638 2496 27),
658 2423 755 2480 Paris.
773 2422 811 2489 12
826 2419 873 2499 (p.
891 2423 958 2496 38);
982 2426 1086 2480 nescire
1101 2423 1143 2479 vel
1158 2423 1213 2497 pati

65 2507 108 2563 vel
129 2506 218 2564 faeere
237 2510 360 2564 iniuriam
390 2510 468 2585 Vina.
489 2509 564 2565 Beu
587 2525 629 2581 sp.
651 2511 716 2566 hist.
733 2509 767 2580 3,
783 2507 840 2580 82,
860 2525 906 2581 sp.
927 2511 954 2564 d.
970 2508 1006 2581 4,
1023 2509 1079 2580 83,
1101 2510 1229 2583 Walter,

65 2592 152 2649 Burl.
166 2609 189 2649 s.
203 2612 229 2664 r.
242 2594 360 2650 Aristot.
375 2601 407 2650 ut
422 2597 457 2650 de
471 2597 640 2668 ylossemate
656 2599 706 2651 vix
721 2595 849 2650 dubitari
858 2597 960 2664 possit.
1022 2593 1082 2651 652
1105 2595 1212 2667 sapiens

64 2678 102 2733 sis
118 2678 400 2753 Bothe:sisssp.F
467 2680 606 2738 Proverb.
626 2678 697 2752 148,
715 2678 887 2743 149PRE;
909 2696 961 2736 om.
979 2677 1036 2734 FO.
1131 2728 1133 2732 .

97 4507 98 4512 i
114 4540 246 4581 Puamtms
260 4538 341 4583 snus.
