3274 5280
351 380 393 446 36
788 395 1062 444 rnonnoounrs.

352 550 435 630 Quis
458 570 536 612 vero
559 547 659 615 fuerit
681 557 788 636 poeta,
812 550 903 613 cuius
928 571 970 613 ex
992 548 1085 614 libris
1108 550 1251 614 incertus
1273 550 1350 616 libri
1372 551 1413 615 de
1427 576 1497 633 mo-

349 652 441 716 ribus
468 659 581 715 auctor
609 649 765 715 nonnulla
791 649 988 737 desumpsit,
1017 660 1054 715 ut
1075 651 1234 716 incertum
1257 662 1323 738 est,
1351 655 1398 718 ita
1421 676 1497 718 eum

349 777 414 820 non
436 754 540 818 fuisse
562 752 739 817 Publilium
761 752 925 816 affirmare
947 751 1034 817 licet.
1079 751 1187 831 Quid!
1215 755 1301 839 quod
1324 765 1496 821 sexcento-

349 880 420 922 rum
450 866 482 921 et
509 855 596 942 quod
629 857 790 919 excurrit
805 876 975 938 versuum,
1010 877 1090 940 quos
1119 855 1261 922 Publilio
1294 858 1497 924 vindicaturi

350 982 476 1042 sumus,
504 980 545 1022 ne
574 981 656 1021 unus
685 941 820 1044 quidem
845 957 880 1020 in
907 955 992 1021 libro
1021 957 1062 1019 de
1084 958 1232 1023 moribus
1254 958 1389 1045 legitur,
1421 983 1495 1042 nec,

349 1060 437 1148 quod
472 1061 584 1125 eodem
616 1060 719 1141 redit,
753 1059 1021 1123 Pseudosenecae
1050 1060 1283 1124 sententiarum
1313 1061 1380 1125 ulla
1407 1064 1496 1127 inter

348 1162 562 1229 Publilianas.
607 1160 673 1228 Sed
695 1160 737 1224 de
759 1159 923 1249 opusculis
947 1163 1272 1248 sententiosissquae
1294 1164 1495 1228 incertorum
1578 1191 1583 1196 ’

349 1274 424 1329 sunt
449 1273 636 1346 auctorum,
663 1263 717 1328 hic
745 1271 882 1328 nonest
910 1261 1040 1326 dicendi
1063 1263 1169 1328 locus:
1198 1265 1346 1348 interim,
1375 1267 1402 1328 si
1424 1289 1493 1331 mo-

276 1379 280 1392 ¹
349 1357 449 1433 nuerb
478 1365 563 1431 libro
591 1364 632 1427 de
658 1363 803 1429 moribus
831 1362 953 1427 nullam
982 1387 1114 1451 prorsus
1143 1366 1346 1431 intercedere
1374 1390 1492 1452 cogna-

347 1471 469 1534 tionem
492 1491 565 1533 cum
588 1467 758 1532 sententiis
780 1465 989 1549 Publilianis,
1013 1489 1129 1531 causae
1151 1490 1243 1532 meac
1265 1472 1343 1534 satis
1360 1492 1492 1557 prospe-

347 1572 438 1636 xisse
459 1570 541 1634 mihi
563 1568 688 1634 videor.
774 1609 775 1612 κ

432 1674 467 1760 2)
490 1673 548 1736 De
581 1671 801 1737 sententiis
835 1671 876 1734 in
908 1671 1118 1735 codicibus
1155 1674 1395 1760 praesertim
1427 1695 1490 1738 re-

348 1774 599 1864 centioribus
622 1772 729 1838 falso
753 1772 1209 1865 Publilianisinsertis.

432 1878 568 1942 Praeter
596 1874 857 1963 supplementum
886 1874 1068 1939 litterarum
1090 1876 1210 1957 N—V‚
1241 1877 1282 1941 de
1310 1877 1492 1964 quomodo

346 1980 449 2044 verba
478 1978 630 2062 fecimus,
663 1976 729 2040 alia
756 1999 884 2063 quoque
912 2000 932 2040 a
959 1977 1102 2043 Publilio
1131 1981 1245 2066 utique
1272 1977 1493 2043 abiudicanda

345 2082 579 2162 adhaeserunt,
605 2101 678 2143 rara
699 2077 756 2142 illa
777 2080 812 2142 in
835 2078 1003 2143 codicibus
1026 2083 1271 2164 vetustissimis,
1294 2081 1490 2167 frequentis-

347 2184 429 2246 sima
450 2182 484 2245 in
507 2181 602 2247 codd.
624 2180 746 2244 saeculi
761 2180 857 2245 XIV.
891 2181 1118 2268 Excipiendus
1140 2183 1280 2248 fortasse
1301 2192 1333 2247 et
1347 2182 1491 2249 Publilio

345 2284 564 2349 vindicandus
587 2306 619 2346 v.
642 2283 704 2348 638
728 2284 761 2345 in
784 2282 853 2349 solo
877 2283 989 2347 codice
1011 2306 1036 2347 rr
1043 2333 1052 2366 ‚
1082 2286 1140 2348 sed
1162 2285 1287 2349 medius
1310 2287 1395 2349 inter
1417 2307 1489 2348 ver-

346 2409 400 2450 sus
416 2385 619 2456 Publilianos
643 2395 811 2450 servatus:
834 2384 936 2450 multo
960 2395 1048 2450 certe
1071 2389 1251 2474 suspectior
1266 2396 1314 2451 est
1330 2388 1492 2450 sententia

346 2488 452 2553 codici
475 2488 508 2552 R
529 2489 564 2550 in
587 2510 711 2552 summa
733 2488 853 2573 pagina
875 2497 950 2574 post
972 2511 1005 2552 v,
1028 2488 1090 2553 326
1112 2491 1292 2554 recentiore
1313 2511 1412 2553 manu
1433 2489 1489 2552 ad·

268 2651 272 2668 ,
345 2592 482 2679 scripta:
921 2604 925 2607 ’

493 2701 624 2759 Multam
646 2704 686 2757 cst
708 2699 824 2770 difficile
845 2701 950 2757 servire
971 2702 1032 2773 rcpi
1054 2700 1160 2774 absque
1182 2700 1334 2758 comanodo.
1388 2692 1416 2782 ‚-

347 2836 443 2899 quarn
465 2812 554 2878 nolui
576 2813 694 2877 iambis
717 2811 870 2876 donatam
919 2805 921 2810 ⁴

494 2938 625 2996 Multam
647 2942 687 2995 est
709 2916 952 3009 difficilc‘seroirc
974 2939 1081 3010 absque
1101 2940 1280 2997 inconmodo

343 3049 398 3113 ¹vel
421 3051 455 3113 in
476 3049 646 3116 trochaeos
670 3050 837 3113 redactam
859 3051 944 3112 inter
966 3049 1167 3135 Publilianas
1190 3053 1345 3138 recipere.

429 3170 500 3233 Iam
528 3191 607 3233 vero
635 3191 718 3254 quae
745 3169 781 3231 in
807 3168 941 3254 reliquis
970 3165 1137 3234 codicibus
1165 3180 1388 3252 accesserunt,
1423 3192 1489 3234 non

344 3271 447 3336 solum
480 3272 697 3357 suspicionem
727 3280 875 3352 movent,
909 3270 967 3334 sed
996 3271 1195 3335 confidenter
1226 3270 1374 3335 eicienda
1401 3283 1488 3354 sunt,

342 3384 515 3461 propterea
547 3371 650 3460 quod¹
666 3372 926 3461 interpolationis
954 3374 1114 3457 originem
1140 3375 1267 3460 aperire
1295 3372 1488 3437 facillimum

344 3487 403 3541 est.
448 3477 564 3562 ltaque
586 3497 863 3563 supervacaneum
886 3475 994 3538 videri
1017 3485 1126 3561 posset
1143 3497 1198 3540 eas
1214 3477 1392 3540 sententias
1409 3498 1485 3538 enu-

342 3601 477 3663 merare,
500 3579 566 3642 nisi
587 3577 724 3643 multum
746 3579 919 3641 interesset
941 3562 1172 3660 demonstrare,
1196 3600 1293 3664 quam
1307 3576 1372 3642 late
1386 3580 1487 3643 inter-

342 3680 516 3767 polationis
544 3681 646 3768 pestis
678 3689 827 3765 grassata
855 3681 914 3761 sit,
949 3700 990 3741 ne
1017 3680 1151 3763 gravius
1181 3680 1222 3742 de
1250 3679 1487 3766 multiplicibus

342 3783 503 3847 editorum
537 3782 700 3848 erroribus
734 3780 891 3846 iudicium
924 3781 1077 3844 feramus.
1126 3782 1177 3844 Ac
1207 3784 1415 3868 persequenti
1444 3782 1487 3844 ad

342 3894 523 3971 temporum
546 3882 692 3947 ordinem
715 3881 975 3969 interpolationis
998 3884 1092 3946 initia
1109 3906 1365 3970 progressusque
1381 3886 1486 3971 primo

341 3986 411 4051 loeo
435 3983 733 4051 commemorandus
757 3995 806 4050 est
829 3986 935 4050 codex
949 3984 1151 4068 BasiliensiS‚
1175 3987 1210 4049 in
1225 4008 1288 4071 quo
1303 3997 1379 4051 ante
1394 4009 1427 4050 v.
1444 3987 1486 4050 ‘25

341 4091 376 4152 in
397 4089 508 4154 infimo
531 4089 677 4172 margine
699 4086 813 4152 addita
832 4096 910 4152 sunt
931 4081 993 4153 rec.
1015 4110 1129 4151 manu:

384 4213 496 4274 Arcam
516 4215 640 4273 intensio
661 4213 788 4288 frouptt,
811 4191 1105 4274 animam-remissio.

384 4315 501 4375 Amicos
522 4315 664 4375 secrutdac
685 4334 731 4374 rcs
752 4319 856 4388 optime
872 4322 995 4389 parcat,
1018 4318 1154 4374 adversor
1176 4319 1329 4396 certissime
1345 4319 1481 4391 probant.

342 4428 533 4517 deprompta
555 4429 612 4494 illa
634 4451 676 4494 ex
691 4429 957 4493 Pseudosenecae
972 4428 1055 4495 libro
1072 4431 1113 4493 de
1127 4431 1284 4515 moribus,
1308 4433 1327 4513 ξ
1346 4433 1482 4496 138.'51.
