<?xml version="1.0" encoding="UTF-8"?>
<!DOCTYPE html PUBLIC "-//W3C//DTD XHTML 1.0 Transitional//EN"
    "http://www.w3.org/TR/xhtml1/DTD/xhtml1-transitional.dtd">
<html xmlns="http://www.w3.org/1999/xhtml" xml:lang="en" lang="en">
 <head>
  <title>
</title>
<meta http-equiv="Content-Type" content="text/html;charset=utf-8" />
  <meta name='ocr-system' content='tesseract 3.04.00' />
  <meta name='ocr-capabilities' content='ocr_page ocr_carea ocr_par ocr_line ocrx_word'/>
</head>
<body>
  <div class='ocr_page' id='page_1' title='image "./publiliisyrisen00wlgoog/publiliisyrisen00wlgoog_0053.png"; bbox 0 0 3014 5116; ppageno 0'>
   <div class='ocr_carea' id='block_1_1' title="bbox 273 411 983 489">
    <p class='ocr_par' dir='ltr' id='par_1_1' title="bbox 273 411 983 489">
     <span class='ocr_line' id='line_1_1' title="bbox 273 411 983 489; baseline -0.006 -15"><span class='ocrx_word' id='word_1_1' title='bbox 273 411 315 474; x_wconf 88' lang='grc'>42</span> <span class='ocrx_word' id='word_1_2' title='bbox 675 484 677 489; x_wconf 21' lang='lat'><strong><em>¹</em></strong></span> <span class='ocrx_word' id='word_1_3' title='bbox 708 423 983 472; x_wconf 76' lang='lat' dir='ltr'>ruonucounnn.</span> 
     </span>
    </p>
   </div>
   <div class='ocr_carea' id='block_1_2' title="bbox 190 575 1425 1379">
    <p class='ocr_par' dir='ltr' id='par_1_2' title="bbox 273 575 1425 770">
     <span class='ocr_line' id='line_1_2' title="bbox 273 575 1425 646; baseline -0.003 -2"><span class='ocrx_word' id='word_1_4' title='bbox 273 581 378 644; x_wconf 86' lang='lat' dir='ltr'>suissc</span> <span class='ocrx_word' id='word_1_5' title='bbox 407 580 643 644; x_wconf 83' lang='lat' dir='ltr'>existimarent.</span> <span class='ocrx_word' id='word_1_6' title='bbox 688 577 740 642; x_wconf 82' lang='lat' dir='ltr'>Of.</span> <span class='ocrx_word' id='word_1_7' title='bbox 764 577 923 642; x_wconf 90' lang='lat' dir='ltr'>Baehrius</span> <span class='ocrx_word' id='word_1_8' title='bbox 952 576 1026 641; x_wconf 82' lang='lat' dir='ltr'>hist.</span> <span class='ocrx_word' id='word_1_9' title='bbox 1054 576 1118 641; x_wconf 89' lang='lat' dir='ltr'>litt.</span> <span class='ocrx_word' id='word_1_10' title='bbox 1141 577 1278 642; x_wconf 85' lang='lat' dir='ltr'><strong>Roman.</strong></span> <span class='ocrx_word' id='word_1_11' title='bbox 1303 575 1372 646; x_wconf 86' lang='lat' dir='ltr'>vol.</span> <span class='ocrx_word' id='word_1_12' title='bbox 1397 577 1425 640; x_wconf 90' lang='lat' dir='ltr'>I.</span> 
     </span>
     <span class='ocr_line' id='line_1_3' title="bbox 273 678 1065 770; baseline -0.008 -23"><span class='ocrx_word' id='word_1_13' title='bbox 273 706 327 770; x_wconf 86' lang='lat' dir='ltr'>pg.</span> <span class='ocrx_word' id='word_1_14' title='bbox 352 684 415 747; x_wconf 85' lang='lat'>330</span> <span class='ocrx_word' id='word_1_15' title='bbox 437 690 521 745; x_wconf 84' lang='lat' dir='ltr'>extr.</span> <span class='ocrx_word' id='word_1_16' title='bbox 544 681 595 744; x_wconf 90' lang='lat' dir='ltr'>ed.</span> <span class='ocrx_word' id='word_1_17' title='bbox 619 680 678 744; x_wconf 92' lang='lat' dir='ltr'>IV.</span> <span class='ocrx_word' id='word_1_18' title='bbox 723 678 822 744; x_wconf 84' lang='lat' dir='ltr'>Falso</span> <span class='ocrx_word' id='word_1_19' title='bbox 845 679 932 743; x_wconf 89' lang='lat' dir='ltr'>haud</span> <span class='ocrx_word' id='word_1_20' title='bbox 955 679 1065 742; x_wconf 85' lang='lat' dir='ltr'>dubie.</span> 
     </span>
    </p>

    <p class='ocr_par' dir='ltr' id='par_1_3' title="bbox 190 780 1425 1379">
     <span class='ocr_line' id='line_1_4' title="bbox 359 780 1425 869; baseline -0.004 -21"><span class='ocrx_word' id='word_1_21' title='bbox 359 784 423 849; x_wconf 89' lang='lat' dir='ltr'>Sed</span> <span class='ocrx_word' id='word_1_22' title='bbox 446 804 528 869; x_wconf 91' lang='lat' dir='ltr'>quae</span> <span class='ocrx_word' id='word_1_23' title='bbox 550 781 657 846; x_wconf 90' lang='lat' dir='ltr'>adhuc</span> <span class='ocrx_word' id='word_1_24' title='bbox 680 781 935 868; x_wconf 82' lang='lat' dir='ltr'><strong>disputavimus,</strong></span> <span class='ocrx_word' id='word_1_25' title='bbox 958 780 1072 845; x_wconf 91' lang='lat' dir='ltr'>harum</span> <span class='ocrx_word' id='word_1_26' title='bbox 1102 783 1337 846; x_wconf 87' lang='lat' dir='ltr'>sententiarum</span> <span class='ocrx_word' id='word_1_27' title='bbox 1366 803 1425 845; x_wconf 90' lang='lat' dir='ltr'>au-</span> 
     </span>
     <span class='ocr_line' id='line_1_5' title="bbox 274 882 1424 970; baseline -0.002 -22"><span class='ocrx_word' id='word_1_28' title='bbox 274 895 395 950; x_wconf 80' lang='lat' dir='ltr'><strong>ctorem</strong></span> <span class='ocrx_word' id='word_1_29' title='bbox 410 907 481 949; x_wconf 79' lang='grc'><strong>6666</strong></span> <span class='ocrx_word' id='word_1_30' title='bbox 496 883 673 949; x_wconf 90' lang='lat' dir='ltr'>Publilium</span> <span class='ocrx_word' id='word_1_31' title='bbox 688 906 793 970; x_wconf 90' lang='lat' dir='ltr'>neque</span> <span class='ocrx_word' id='word_1_32' title='bbox 814 882 915 946; x_wconf 86' lang='lat' dir='ltr'>alium</span> <span class='ocrx_word' id='word_1_33' title='bbox 932 904 1127 969; x_wconf 84' lang='lat' dir='ltr'><strong>quemquam</strong></span> <span class='ocrx_word' id='word_1_34' title='bbox 1141 893 1281 970; x_wconf 89' lang='lat' dir='ltr'>poetam,</span> <span class='ocrx_word' id='word_1_35' title='bbox 1298 885 1333 947; x_wconf 93' lang='lat' dir='ltr'>in</span> <span class='ocrx_word' id='word_1_36' title='bbox 1350 884 1424 948; x_wconf 91' lang='lat' dir='ltr'>uni·</span> 
     </span>
     <span class='ocr_line' id='line_1_6' title="bbox 274 983 1425 1071; baseline -0.002 -20"><span class='ocrx_word' id='word_1_37' title='bbox 274 1010 404 1051; x_wconf 87' lang='lat' dir='ltr'>versum</span> <span class='ocrx_word' id='word_1_38' title='bbox 432 987 521 1051; x_wconf 91' lang='lat' dir='ltr'>dicta</span> <span class='ocrx_word' id='word_1_39' title='bbox 549 985 697 1069; x_wconf 88' lang='lat' dir='ltr'>valeant,</span> <span class='ocrx_word' id='word_1_40' title='bbox 728 1008 794 1050; x_wconf 92' lang='lat' dir='ltr'>non</span> <span class='ocrx_word' id='word_1_41' title='bbox 821 986 882 1067; x_wconf 89' lang='lat' dir='ltr'>ita,</span> <span class='ocrx_word' id='word_1_42' title='bbox 911 987 1005 1071; x_wconf 90' lang='lat' dir='ltr'>quasi</span> <span class='ocrx_word' id='word_1_43' title='bbox 1032 983 1123 1048; x_wconf 89' lang='lat' dir='ltr'>nulla</span> <span class='ocrx_word' id='word_1_44' title='bbox 1146 984 1241 1049; x_wconf 87' lang='lat' dir='ltr'>detur</span> <span class='ocrx_word' id='word_1_45' title='bbox 1263 1008 1283 1048; x_wconf 89' lang='lat' dir='ltr'>a</span> <span class='ocrx_word' id='word_1_46' title='bbox 1305 986 1425 1070; x_wconf 87' lang='lat' dir='ltr'>regula</span> 
     </span>
     <span class='ocr_line' id='line_1_7' title="bbox 275 1087 1424 1177; baseline -0.003 -23"><span class='ocrx_word' id='word_1_47' title='bbox 275 1101 391 1177; x_wconf 79' lang='lat' dir='ltr'>except</span> <span class='ocrx_word' id='word_1_48' title='bbox 393 1092 434 1154; x_wconf 92' lang='lat' dir='ltr'>io.</span> <span class='ocrx_word' id='word_1_49' title='bbox 478 1089 593 1174; x_wconf 87' lang='lat' dir='ltr'>Neque</span> <span class='ocrx_word' id='word_1_50' title='bbox 616 1089 718 1170; x_wconf 88' lang='lat' dir='ltr'>enim,</span> <span class='ocrx_word' id='word_1_51' title='bbox 746 1088 803 1173; x_wconf 90' lang='lat' dir='ltr'>qui</span> <span class='ocrx_word' id='word_1_52' title='bbox 825 1096 902 1174; x_wconf 92' lang='lat' dir='ltr'>quat</span> <span class='ocrx_word' id='word_1_53' title='bbox 904 1097 977 1151; x_wconf 90' lang='lat' dir='ltr'>tuor</span> <span class='ocrx_word' id='word_1_54' title='bbox 999 1096 1070 1151; x_wconf 84' lang='lat' dir='ltr'>orat</span> <span class='ocrx_word' id='word_1_55' title='bbox 1072 1088 1161 1152; x_wconf 86' lang='lat' dir='ltr'>iones</span> <span class='ocrx_word' id='word_1_56' title='bbox 1184 1087 1219 1150; x_wconf 89' lang='lat' dir='ltr'>in</span> <span class='ocrx_word' id='word_1_57' title='bbox 1242 1087 1424 1151; x_wconf 79' lang='lat' dir='ltr'>Catilinam</span> 
     </span>
     <span class='ocr_line' id='line_1_8' title="bbox 274 1167 1425 1296; baseline -0.002 -40"><span class='ocrx_word' id='word_1_58' title='bbox 274 1191 402 1257; x_wconf 88' lang='lat' dir='ltr'>habitas</span> <span class='ocrx_word' id='word_1_59' title='bbox 426 1191 592 1256; x_wconf 76' lang='lat' dir='ltr'>Ciceronis</span> <span class='ocrx_word' id='word_1_60' title='bbox 616 1213 686 1254; x_wconf 88' lang='lat' dir='ltr'>esse</span> <span class='ocrx_word' id='word_1_61' title='bbox 709 1198 783 1255; x_wconf 90' lang='lat' dir='ltr'>cont</span> <span class='ocrx_word' id='word_1_62' title='bbox 770 1190 877 1254; x_wconf 89' lang='lat' dir='ltr'>tendit</span> <span class='ocrx_word' id='word_1_63' title='bbox 864 1189 1052 1274; x_wconf 87' lang='lat' dir='ltr'>t,singula</span> <span class='ocrx_word' id='word_1_64' title='bbox 1075 1167 1235 1296; x_wconf 86' lang='lat' dir='ltr'>quaedam</span> <span class='ocrx_word' id='word_1_65' title='bbox 1257 1189 1425 1254; x_wconf 84' lang='lat' dir='ltr'>vocabula</span> 
     </span>
     <span class='ocr_line' id='line_1_9' title="bbox 190 1276 1423 1379; baseline -0.004 -18"><span class='ocrx_word' id='word_1_66' title='bbox 190 1357 191 1361; x_wconf 75' lang='grc'>,</span> <span class='ocrx_word' id='word_1_67' title='bbox 275 1293 329 1358; x_wconf 91' lang='lat' dir='ltr'>vel</span> <span class='ocrx_word' id='word_1_68' title='bbox 351 1303 449 1375; x_wconf 90' lang='lat' dir='ltr'>enunt</span> <span class='ocrx_word' id='word_1_69' title='bbox 451 1294 517 1356; x_wconf 89' lang='lat' dir='ltr'>iata</span> <span class='ocrx_word' id='word_1_70' title='bbox 484 1292 651 1356; x_wconf 86' lang='lat' dir='ltr'>tabt</span> <span class='ocrx_word' id='word_1_71' title='bbox 603 1315 637 1355; x_wconf 94' lang='lat' dir='ltr'>1n</span> <span class='ocrx_word' id='word_1_72' title='bbox 639 1276 778 1378; x_wconf 87' lang='lat' dir='ltr'>terpolat</span> <span class='ocrx_word' id='word_1_73' title='bbox 765 1290 890 1356; x_wconf 90' lang='lat' dir='ltr'>toribus</span> <span class='ocrx_word' id='word_1_74' title='bbox 913 1291 1026 1354; x_wconf 86' lang='lat' dir='ltr'>addita</span> <span class='ocrx_word' id='word_1_75' title='bbox 1050 1313 1120 1354; x_wconf 87' lang='grc'><strong>6666</strong></span> <span class='ocrx_word' id='word_1_76' title='bbox 1142 1276 1286 1376; x_wconf 81' lang='lat' dir='ltr'>negabit,</span> <span class='ocrx_word' id='word_1_77' title='bbox 1311 1314 1423 1379; x_wconf 83' lang='lat' dir='ltr'>neque</span> 
     </span>
    </p>
   </div>
   <div class='ocr_carea' id='block_1_3' title="bbox 118 1392 1424 1483">
    <p class='ocr_par' dir='ltr' id='par_1_4' title="bbox 118 1392 1424 1483">
     <span class='ocr_line' id='line_1_10' title="bbox 118 1392 1424 1483; baseline -0.003 -22"><span class='ocrx_word' id='word_1_78' title='bbox 118 1448 124 1461; x_wconf 83' lang='grc'><strong>.</strong></span> <span class='ocrx_word' id='word_1_79' title='bbox 184 1418 186 1422; x_wconf 65' lang='grc'><strong>“</strong></span> <span class='ocrx_word' id='word_1_80' title='bbox 275 1419 335 1481; x_wconf 85' lang='lat' dir='ltr'>ogo</span> <span class='ocrx_word' id='word_1_81' title='bbox 357 1418 475 1483; x_wconf 87' lang='lat' dir='ltr'>paucas</span> <span class='ocrx_word' id='word_1_82' title='bbox 499 1393 671 1482; x_wconf 90' lang='lat' dir='ltr'>quasdam</span> <span class='ocrx_word' id='word_1_83' title='bbox 671 1394 858 1458; x_wconf 87' lang='lat' dir='ltr'>sententias</span> <span class='ocrx_word' id='word_1_84' title='bbox 880 1416 946 1458; x_wconf 92' lang='lat' dir='ltr'>non</span> <span class='ocrx_word' id='word_1_85' title='bbox 969 1415 1040 1458; x_wconf 88' lang='lat' dir='ltr'>esse</span> <span class='ocrx_word' id='word_1_86' title='bbox 1055 1392 1191 1457; x_wconf 89' lang='lat' dir='ltr'>Publilii</span> <span class='ocrx_word' id='word_1_87' title='bbox 1213 1393 1336 1458; x_wconf 84' lang='lat' dir='ltr'>infit&#39;uas</span> <span class='ocrx_word' id='word_1_88' title='bbox 1353 1395 1424 1457; x_wconf 90' lang='lat' dir='ltr'>ive-</span> 
     </span>
    </p>
   </div>
   <div class='ocr_carea' id='block_1_4' title="bbox 274 1495 1425 1687">
    <p class='ocr_par' dir='ltr' id='par_1_5' title="bbox 274 1495 1425 1687">
     <span class='ocr_line' id='line_1_11' title="bbox 274 1495 1424 1579; baseline -0.001 -18"><span class='ocrx_word' id='word_1_89' title='bbox 274 1500 346 1562; x_wconf 90' lang='lat' dir='ltr'>rim.</span> <span class='ocrx_word' id='word_1_90' title='bbox 390 1495 639 1562; x_wconf 85' lang='lat' dir='ltr'>Abiudicandus</span> <span class='ocrx_word' id='word_1_91' title='bbox 656 1495 798 1560; x_wconf 90' lang='lat' dir='ltr'>Publilio</span> <span class='ocrx_word' id='word_1_92' title='bbox 817 1517 931 1560; x_wconf 85' lang='lat' dir='ltr'>versus</span> <span class='ocrx_word' id='word_1_93' title='bbox 946 1496 1020 1577; x_wconf 90' lang='grc'><strong>213,</strong></span> <span class='ocrx_word' id='word_1_94' title='bbox 1044 1496 1181 1559; x_wconf 90' lang='lat' dir='ltr'>omissus</span> <span class='ocrx_word' id='word_1_95' title='bbox 1198 1497 1232 1558; x_wconf 93' lang='lat' dir='ltr'>in</span> <span class='ocrx_word' id='word_1_96' title='bbox 1248 1496 1364 1560; x_wconf 87' lang='lat' dir='ltr'>codice</span> <span class='ocrx_word' id='word_1_97' title='bbox 1382 1497 1424 1579; x_wconf 77' lang='lat' dir='ltr'>R,</span> 
     </span>
     <span class='ocr_line' id='line_1_12' title="bbox 275 1595 1425 1687; baseline 0 -25"><span class='ocrx_word' id='word_1_98' title='bbox 275 1610 307 1664; x_wconf 88' lang='lat' dir='ltr'>et</span> <span class='ocrx_word' id='word_1_99' title='bbox 329 1598 415 1687; x_wconf 92' lang='lat' dir='ltr'>quod</span> <span class='ocrx_word' id='word_1_100' title='bbox 438 1599 676 1663; x_wconf 87' lang='lat' dir='ltr'>dubitationem</span> <span class='ocrx_word' id='word_1_101' title='bbox 698 1608 806 1683; x_wconf 88' lang='lat' dir='ltr'>auget,</span> <span class='ocrx_word' id='word_1_102' title='bbox 828 1597 892 1661; x_wconf 92' lang='grc'><strong>6116</strong></span> <span class='ocrx_word' id='word_1_103' title='bbox 914 1595 985 1661; x_wconf 87' lang='grc'><strong>1666</strong></span> <span class='ocrx_word' id='word_1_104' title='bbox 1007 1598 1043 1660; x_wconf 92' lang='grc'>16</span> <span class='ocrx_word' id='word_1_105' title='bbox 1065 1597 1137 1676; x_wconf 84' lang='grc' dir='ltr'>ΡΒ,</span> <span class='ocrx_word' id='word_1_106' title='bbox 1161 1595 1224 1662; x_wconf 87' lang='grc'><strong>6116</strong></span> <span class='ocrx_word' id='word_1_107' title='bbox 1247 1598 1282 1661; x_wconf 91' lang='grc'>16</span> <span class='ocrx_word' id='word_1_108' title='bbox 1302 1598 1338 1660; x_wconf 84' lang='lat' dir='ltr'><em>F</em></span> <span class='ocrx_word' id='word_1_109' title='bbox 1358 1608 1425 1662; x_wconf 85' lang='lat' dir='ltr'>tra-</span> 
     </span>
    </p>
   </div>
   <div class='ocr_carea' id='block_1_5' title="bbox 160 1699 1428 1785">
    <p class='ocr_par' dir='ltr' id='par_1_6' title="bbox 160 1699 1428 1785">
     <span class='ocr_line' id='line_1_13' title="bbox 160 1699 1428 1785; baseline 0.001 -20"><span class='ocrx_word' id='word_1_110' title='bbox 160 1703 163 1707; x_wconf 75' lang='grc'><strong>’</strong></span> <span class='ocrx_word' id='word_1_111' title='bbox 213 1744 227 1757; x_wconf 58' lang='lat'><em>2</em></span> <span class='ocrx_word' id='word_1_112' title='bbox 274 1703 379 1785; x_wconf 80' lang='lat' dir='ltr'>ditus3</span> <span class='ocrx_word' id='word_1_113' title='bbox 402 1725 468 1767; x_wconf 91' lang='lat' dir='ltr'>non</span> <span class='ocrx_word' id='word_1_114' title='bbox 491 1711 539 1764; x_wconf 88' lang='lat' dir='ltr'>est</span> <span class='ocrx_word' id='word_1_115' title='bbox 561 1702 709 1764; x_wconf 88' lang='lat' dir='ltr'>senarius</span> <span class='ocrx_word' id='word_1_116' title='bbox 725 1723 757 1762; x_wconf 88' lang='lat' dir='ltr'>v.</span> <span class='ocrx_word' id='word_1_117' title='bbox 774 1701 837 1764; x_wconf 82' lang='lat'>200</span> <span class='ocrx_word' id='word_1_118' title='bbox 860 1699 1000 1764; x_wconf 76' lang='lat' dir='ltr'>Gravior</span> <span class='ocrx_word' id='word_1_119' title='bbox 1021 1705 1066 1764; x_wconf 80' lang='lat' dir='ltr'>est</span> <span class='ocrx_word' id='word_1_120' title='bbox 1086 1702 1245 1783; x_wconf 76' lang='grc'><strong>16166666,</strong></span> <span class='ocrx_word' id='word_1_121' title='bbox 1269 1703 1326 1783; x_wconf 81' lang='lat' dir='ltr'>qui</span> <span class='ocrx_word' id='word_1_122' title='bbox 1349 1703 1428 1766; x_wconf 11' lang='lat' dir='ltr'>tatur</span> 
     </span>
    </p>
   </div>
   <div class='ocr_carea' id='block_1_6' title="bbox 128 1801 1501 3722">
    <p class='ocr_par' dir='ltr' id='par_1_7' title="bbox 273 1801 1426 1991">
     <span class='ocr_line' id='line_1_14' title="bbox 273 1801 1426 1888; baseline -0.001 -19"><span class='ocrx_word' id='word_1_123' title='bbox 273 1808 309 1869; x_wconf 78' lang='lat' dir='ltr'>iu</span> <span class='ocrx_word' id='word_1_124' title='bbox 325 1810 455 1887; x_wconf 75' lang='lat' dir='ltr'>pectore,</span> <span class='ocrx_word' id='word_1_125' title='bbox 480 1802 532 1868; x_wconf 90' lang='lat' dir='ltr'>vel</span> <span class='ocrx_word' id='word_1_126' title='bbox 554 1826 574 1866; x_wconf 89' lang='lat' dir='ltr'>a</span> <span class='ocrx_word' id='word_1_127' title='bbox 596 1824 731 1866; x_wconf 87' lang='lat' dir='ltr'>caesura</span> <span class='ocrx_word' id='word_1_128' title='bbox 753 1802 966 1883; x_wconf 87' lang='lat' dir='ltr'>damnandus,</span> <span class='ocrx_word' id='word_1_129' title='bbox 991 1801 1049 1865; x_wconf 92' lang='lat' dir='ltr'>sed</span> <span class='ocrx_word' id='word_1_130' title='bbox 1071 1801 1279 1888; x_wconf 84' lang='lat' dir='ltr'>paraphrasis</span> <span class='ocrx_word' id='word_1_131' title='bbox 1304 1826 1426 1868; x_wconf 87' lang='lat' dir='ltr'>versus</span> 
     </span>
     <span class='ocr_line' id='line_1_15' title="bbox 277 1904 1285 1991; baseline -0.002 -21"><span class='ocrx_word' id='word_1_132' title='bbox 277 1907 353 1990; x_wconf 90' lang='grc'><strong>198·</strong></span> <span class='ocrx_word' id='word_1_133' title='bbox 378 1904 517 1970; x_wconf 87' lang='lat' dir='ltr'>alienam</span> <span class='ocrx_word' id='word_1_134' title='bbox 540 1905 680 1991; x_wconf 87' lang='lat' dir='ltr'>denique</span> <span class='ocrx_word' id='word_1_135' title='bbox 703 1905 862 1988; x_wconf 79' lang='lat' dir='ltr'>originem</span> <span class='ocrx_word' id='word_1_136' title='bbox 884 1904 1058 1990; x_wconf 81' lang='lat' dir='ltr'>profitetur</span> <span class='ocrx_word' id='word_1_137' title='bbox 1077 1926 1189 1967; x_wconf 87' lang='lat' dir='ltr'>versus</span> <span class='ocrx_word' id='word_1_138' title='bbox 1215 1905 1285 1969; x_wconf 87' lang='grc'><strong>162.</strong></span> 
     </span>
    </p>

    <p class='ocr_par' dir='ltr' id='par_1_8' title="bbox 189 2005 1501 2607">
     <span class='ocr_line' id='line_1_16' title="bbox 358 2005 1427 2093; baseline 0.002 -23.045"><span class='ocrx_word' id='word_1_139' title='bbox 358 2007 581 2092; x_wconf 63' lang='grc' dir='ltr'><strong>4)11ιι6ι*1ιιι6</strong></span> <span class='ocrx_word' id='word_1_140' title='bbox 609 2016 673 2089; x_wconf 86' lang='grc'><strong>661,</strong></span> <span class='ocrx_word' id='word_1_141' title='bbox 708 2016 744 2069; x_wconf 90' lang='lat' dir='ltr'>ut</span> <span class='ocrx_word' id='word_1_142' title='bbox 773 2028 964 2093; x_wconf 86' lang='lat' dir='ltr'>quaeramus</span> <span class='ocrx_word' id='word_1_143' title='bbox 996 2005 1044 2068; x_wconf 93' lang='lat' dir='ltr'>de</span> <span class='ocrx_word' id='word_1_144' title='bbox 1071 2009 1328 2072; x_wconf 87' lang='lat' dir='ltr'>sententiis</span> <span class='ocrx_word' id='word_1_145' title='bbox 1319 2010 1427 2072; x_wconf 86' lang='lat' dir='ltr'>rnci</span> 
     </span>
     <span class='ocr_line' id='line_1_17' title="bbox 202 2102 1445 2196; baseline -0.001 -22"><span class='ocrx_word' id='word_1_146' title='bbox 202 2102 204 2105; x_wconf 32' lang='lat'>⁵</span> <span class='ocrx_word' id='word_1_147' title='bbox 275 2113 387 2196; x_wconf 87' lang='lat' dir='ltr'>pient</span> <span class='ocrx_word' id='word_1_148' title='bbox 374 2111 483 2174; x_wconf 91' lang='lat' dir='ltr'>itbus</span> <span class='ocrx_word' id='word_1_149' title='bbox 517 2132 537 2172; x_wconf 92' lang='grc'>6</span> <span class='ocrx_word' id='word_1_150' title='bbox 569 2108 639 2172; x_wconf 88' lang='grc'><strong>1111</strong></span> <span class='ocrx_word' id='word_1_151' title='bbox 605 2109 723 2172; x_wconf 89' lang='lat' dir='ltr'>tteris</span> <span class='ocrx_word' id='word_1_152' title='bbox 756 2108 837 2171; x_wconf 82' lang='lat' dir='ltr'>A-</span> <span class='ocrx_word' id='word_1_153' title='bbox 845 2108 901 2188; x_wconf 81' lang='lat' dir='ltr'>M,</span> <span class='ocrx_word' id='word_1_154' title='bbox 946 2129 1044 2194; x_wconf 89' lang='lat' dir='ltr'>quae</span> <span class='ocrx_word' id='word_1_155' title='bbox 1082 2110 1123 2171; x_wconf 92' lang='lat' dir='ltr'>in</span> <span class='ocrx_word' id='word_1_156' title='bbox 1159 2108 1241 2172; x_wconf 88' lang='lat' dir='ltr'>solo</span> <span class='ocrx_word' id='word_1_157' title='bbox 1280 2109 1445 2191; x_wconf 87' lang='lat' dir='ltr'>codiee</span> 
     </span>
     <span class='ocr_line' id='line_1_18' title="bbox 189 2201 1501 2298; baseline 0.002 -24"><span class='ocrx_word' id='word_1_158' title='bbox 189 2224 191 2228; x_wconf 82' lang='lat'>&#39;</span> <span class='ocrx_word' id='word_1_159' title='bbox 276 2212 539 2296; x_wconf 84' lang='lat' dir='ltr'>Frisingensi</span> <span class='ocrx_word' id='word_1_160' title='bbox 561 2220 745 2274; x_wconf 84' lang='lat' dir='ltr'>servatae</span> <span class='ocrx_word' id='word_1_161' title='bbox 768 2220 875 2293; x_wconf 89' lang='lat' dir='ltr'>sunt,</span> <span class='ocrx_word' id='word_1_162' title='bbox 901 2209 1025 2273; x_wconf 80' lang='lat' dir='ltr'>rede</span> <span class='ocrx_word' id='word_1_163' title='bbox 1040 2210 1190 2274; x_wconf 88' lang='lat' dir='ltr'>vers1bus</span> <span class='ocrx_word' id='word_1_164' title='bbox 1206 2211 1333 2276; x_wconf 83' lang='grc'><strong>35-43</strong></span> <span class='ocrx_word' id='word_1_165' title='bbox 1348 2213 1427 2298; x_wconf 83' lang='grc' dir='ltr'>(Α)</span> <span class='ocrx_word' id='word_1_166' title='bbox 1492 2201 1501 2213; x_wconf 65' lang='grc'><strong><em>’</em></strong></span> 
     </span>
     <span class='ocr_line' id='line_1_19' title="bbox 193 2260 1428 2400; baseline -0.001 -22"><span class='ocrx_word' id='word_1_167' title='bbox 193 2390 195 2392; x_wconf 29' lang='grc'><strong>,</strong></span> <span class='ocrx_word' id='word_1_168' title='bbox 276 2315 354 2378; x_wconf 75' lang='lat' dir='ltr'>li)-</span> <span class='ocrx_word' id='word_1_169' title='bbox 360 2314 402 2378; x_wconf 83' lang='lat'>84</span> <span class='ocrx_word' id='word_1_170' title='bbox 432 2314 510 2400; x_wconf 84' lang='grc' dir='ltr'>(Β),</span> <span class='ocrx_word' id='word_1_171' title='bbox 542 2312 643 2375; x_wconf 80' lang='grc'><strong>107-</strong></span> <span class='ocrx_word' id='word_1_172' title='bbox 649 2313 709 2376; x_wconf 92' lang='grc'>122</span> <span class='ocrx_word' id='word_1_173' title='bbox 732 2312 854 2396; x_wconf 79' lang='grc'><strong>(0),1</strong></span> <span class='ocrx_word' id='word_1_174' title='bbox 839 2260 1006 2375; x_wconf 84' lang='grc'><strong>139-146</strong></span> <span class='ocrx_word' id='word_1_175' title='bbox 1037 2310 1117 2397; x_wconf 82' lang='lat' dir='ltr'>(D),</span> <span class='ocrx_word' id='word_1_176' title='bbox 1148 2313 1251 2377; x_wconf 92' lang='grc'><strong>163-</strong></span> <span class='ocrx_word' id='word_1_177' title='bbox 1256 2313 1316 2377; x_wconf 83' lang='grc'>165</span> <span class='ocrx_word' id='word_1_178' title='bbox 1347 2315 1428 2397; x_wconf 88' lang='grc' dir='ltr'>(Ε),</span> 
     </span>
     <span class='ocr_line' id='line_1_20' title="bbox 276 2413 1427 2500; baseline 0 -22"><span class='ocrx_word' id='word_1_179' title='bbox 276 2416 336 2478; x_wconf 88' lang='grc'>193</span> <span class='ocrx_word' id='word_1_180' title='bbox 353 2414 424 2499; x_wconf 82' lang='lat' dir='ltr'>(F),</span> <span class='ocrx_word' id='word_1_181' title='bbox 447 2414 616 2477; x_wconf 84' lang='grc'><strong>224-229</strong></span> <span class='ocrx_word' id='word_1_182' title='bbox 640 2413 721 2500; x_wconf 84' lang='lat' dir='ltr'>(H),</span> <span class='ocrx_word' id='word_1_183' title='bbox 744 2413 912 2479; x_wconf 85' lang='grc'><strong>266-291</strong></span> <span class='ocrx_word' id='word_1_184' title='bbox 938 2414 1004 2498; x_wconf 86' lang='grc' dir='ltr'>(Ι),</span> <span class='ocrx_word' id='word_1_185' title='bbox 1028 2414 1196 2478; x_wconf 83' lang='grc'><strong>302-398</strong></span> <span class='ocrx_word' id='word_1_186' title='bbox 1219 2415 1290 2498; x_wconf 66' lang='grc' dir='ltr'>(Β),</span> <span class='ocrx_word' id='word_1_187' title='bbox 1315 2416 1427 2479; x_wconf 85' lang='grc'><strong>341-</strong></span> 
     </span>
     <span class='ocr_line' id='line_1_21' title="bbox 275 2517 444 2607; baseline 0.006 -6"><span class='ocrx_word' id='word_1_188' title='bbox 275 2518 337 2601; x_wconf 72' lang='lat' dir='ltr'>uc</span> <span class='ocrx_word' id='word_1_189' title='bbox 360 2517 444 2607; x_wconf 75' lang='grc'>66-</span> 
     </span>
    </p>

    <p class='ocr_par' dir='ltr' id='par_1_9' title="bbox 128 2618 1429 3416">
     <span class='ocr_line' id='line_1_22' title="bbox 360 2618 1429 2705; baseline 0.004 -24"><span class='ocrx_word' id='word_1_190' title='bbox 360 2618 456 2698; x_wconf 77' lang='lat' dir='ltr'>Quod</span> <span class='ocrx_word' id='word_1_191' title='bbox 478 2618 650 2683; x_wconf 83' lang='lat' dir='ltr'>brevitatis</span> <span class='ocrx_word' id='word_1_192' title='bbox 673 2641 770 2683; x_wconf 87' lang='lat' dir='ltr'>causa</span> <span class='ocrx_word' id='word_1_193' title='bbox 793 2619 909 2704; x_wconf 80' lang='lat' dir='ltr'>scripsi</span> <span class='ocrx_word' id='word_1_194' title='bbox 925 2627 1040 2705; x_wconf 92' lang='lat' dir='ltr'>quarto</span> <span class='ocrx_word' id='word_1_195' title='bbox 1056 2621 1290 2682; x_wconf 89' lang='lat' dir='ltr'>sententiarum</span> <span class='ocrx_word' id='word_1_196' title='bbox 1307 2624 1429 2704; x_wconf 87' lang='lat' dir='ltr'>generi</span> 
     </span>
     <span class='ocr_line' id='line_1_23' title="bbox 275 2710 1427 2806; baseline 0.003 -24"><span class='ocrx_word' id='word_1_197' title='bbox 275 2743 372 2784; x_wconf 88' lang='lat' dir='ltr'>unam</span> <span class='ocrx_word' id='word_1_198' title='bbox 393 2743 471 2792; x_wconf 89' lang='lat' dir='ltr'>esse</span> <span class='ocrx_word' id='word_1_199' title='bbox 497 2720 619 2787; x_wconf 90' lang='lat' dir='ltr'>codicis</span> <span class='ocrx_word' id='word_1_200' title='bbox 642 2710 865 2806; x_wconf 88' lang='lat' dir='ltr'>Frisingensis</span> <span class='ocrx_word' id='word_1_201' title='bbox 887 2716 1130 2802; x_wconf 71' lang='lat' dir='ltr'>auctoritatem,</span> <span class='ocrx_word' id='word_1_202' title='bbox 1158 2721 1192 2784; x_wconf 92' lang='lat' dir='ltr'>id</span> <span class='ocrx_word' id='word_1_203' title='bbox 1214 2745 1278 2787; x_wconf 92' lang='lat' dir='ltr'>non</span> <span class='ocrx_word' id='word_1_204' title='bbox 1302 2723 1350 2786; x_wconf 85' lang='lat' dir='ltr'>ita</span> <span class='ocrx_word' id='word_1_205' title='bbox 1375 2726 1427 2788; x_wconf 92' lang='lat' dir='ltr'>in-</span> 
     </span>
     <span class='ocr_line' id='line_1_24' title="bbox 274 2820 1427 2910; baseline 0.004 -24.057"><span class='ocrx_word' id='word_1_206' title='bbox 274 2822 386 2908; x_wconf 83' lang='lat' dir='ltr'>tellegi</span> <span class='ocrx_word' id='word_1_207' title='bbox 408 2822 518 2905; x_wconf 88' lang='lat' dir='ltr'>vclim,</span> <span class='ocrx_word' id='word_1_208' title='bbox 543 2825 635 2909; x_wconf 88' lang='lat' dir='ltr'>quasi</span> <span class='ocrx_word' id='word_1_209' title='bbox 657 2845 722 2886; x_wconf 93' lang='lat' dir='ltr'>non</span> <span class='ocrx_word' id='word_1_210' title='bbox 744 2820 893 2906; x_wconf 86' lang='lat' dir='ltr'>singulae</span> <span class='ocrx_word' id='word_1_211' title='bbox 915 2821 1073 2908; x_wconf 86' lang='lat' dir='ltr'>aliquae</span> <span class='ocrx_word' id='word_1_212' title='bbox 1064 2846 1098 2886; x_wconf 91' lang='lat' dir='ltr'><strong>m</strong></span> <span class='ocrx_word' id='word_1_213' title='bbox 1120 2822 1193 2886; x_wconf 88' lang='grc'><strong>61116</strong></span> <span class='ocrx_word' id='word_1_214' title='bbox 1218 2846 1345 2910; x_wconf 90' lang='lat' dir='ltr'>quoque</span> <span class='ocrx_word' id='word_1_215' title='bbox 1371 2849 1427 2890; x_wconf 90' lang='lat' dir='ltr'>co·</span> 
     </span>
     <span class='ocr_line' id='line_1_25' title="bbox 214 2923 1427 3011; baseline 0.004 -25"><span class='ocrx_word' id='word_1_216' title='bbox 214 2988 216 2993; x_wconf 16' lang='grc'>,</span> <span class='ocrx_word' id='word_1_217' title='bbox 251 3004 253 3007; x_wconf 15' lang='lat'><strong><em>¹</em></strong></span> <span class='ocrx_word' id='word_1_218' title='bbox 276 2923 403 2988; x_wconf 87' lang='lat' dir='ltr'>dicibus</span> <span class='ocrx_word' id='word_1_219' title='bbox 432 2923 532 2988; x_wconf 86' lang='lat' dir='ltr'>tradit</span> <span class='ocrx_word' id='word_1_220' title='bbox 520 2934 572 2996; x_wconf 86' lang='grc'>166</span> <span class='ocrx_word' id='word_1_221' title='bbox 601 2925 685 2988; x_wconf 91' lang='lat' dir='ltr'>sint:</span> <span class='ocrx_word' id='word_1_222' title='bbox 716 2934 847 2988; x_wconf 89' lang='lat' dir='ltr'>accurat</span> <span class='ocrx_word' id='word_1_223' title='bbox 849 2925 899 2987; x_wconf 88' lang='lat' dir='ltr'>ius</span> <span class='ocrx_word' id='word_1_224' title='bbox 922 2923 1047 3002; x_wconf 84' lang='lat' dir='ltr'>dixeris</span> <span class='ocrx_word' id='word_1_225' title='bbox 1070 2947 1201 3011; x_wconf 90' lang='lat' dir='ltr'>prorsus</span> <span class='ocrx_word' id='word_1_226' title='bbox 1224 2925 1342 2990; x_wconf 87' lang='lat' dir='ltr'>abesse</span> <span class='ocrx_word' id='word_1_227' title='bbox 1368 2949 1427 2991; x_wconf 89' lang='lat' dir='ltr'>eas</span> 
     </span>
     <span class='ocr_line' id='line_1_26' title="bbox 275 3024 1427 3108; baseline 0.004 -21"><span class='ocrx_word' id='word_1_228' title='bbox 275 3048 295 3087; x_wconf 92' lang='grc'>6</span> <span class='ocrx_word' id='word_1_229' title='bbox 310 3025 477 3090; x_wconf 88' lang='lat' dir='ltr'>codicibus</span> <span class='ocrx_word' id='word_1_230' title='bbox 495 3025 660 3108; x_wconf 77' lang='lat' dir='ltr'>PRBEO,</span> <span class='ocrx_word' id='word_1_231' title='bbox 675 3026 717 3089; x_wconf 82' lang='lat' dir='ltr'>ab</span> <span class='ocrx_word' id='word_1_232' title='bbox 733 3025 873 3108; x_wconf 84' lang='lat' dir='ltr'>Erasmi,</span> <span class='ocrx_word' id='word_1_233' title='bbox 889 3026 973 3090; x_wconf 89' lang='lat' dir='ltr'>Pant</span> <span class='ocrx_word' id='word_1_234' title='bbox 961 3024 1131 3108; x_wconf 90' lang='lat' dir='ltr'>thaleonis,</span> <span class='ocrx_word' id='word_1_235' title='bbox 1148 3026 1304 3108; x_wconf 81' lang='lat' dir='ltr'>Fabricii,</span> <span class='ocrx_word' id='word_1_236' title='bbox 1322 3029 1427 3094; x_wconf 88' lang='lat' dir='ltr'>Bent-</span> 
     </span>
     <span class='ocr_line' id='line_1_27' title="bbox 275 3126 1426 3214; baseline 0.006 -25"><span class='ocrx_word' id='word_1_237' title='bbox 275 3126 331 3190; x_wconf 91' lang='lat' dir='ltr'>leii</span> <span class='ocrx_word' id='word_1_238' title='bbox 353 3126 458 3209; x_wconf 90' lang='lat' dir='ltr'>libris,</span> <span class='ocrx_word' id='word_1_239' title='bbox 481 3150 501 3190; x_wconf 93' lang='grc'>6</span> <span class='ocrx_word' id='word_1_240' title='bbox 522 3127 626 3191; x_wconf 88' lang='lat' dir='ltr'>Palat</span> <span class='ocrx_word' id='word_1_241' title='bbox 603 3129 680 3192; x_wconf 91' lang='lat' dir='ltr'>t1nis</span> <span class='ocrx_word' id='word_1_242' title='bbox 705 3126 789 3192; x_wconf 81' lang='lat' dir='ltr'>Grut</span> <span class='ocrx_word' id='word_1_243' title='bbox 777 3129 838 3192; x_wconf 93' lang='lat' dir='ltr'>teri</span> <span class='ocrx_word' id='word_1_244' title='bbox 861 3137 999 3214; x_wconf 81' lang='lat' dir='ltr'>excepto</span> <span class='ocrx_word' id='word_1_245' title='bbox 1022 3152 1085 3193; x_wconf 92' lang='lat' dir='ltr'>uno</span> <span class='ocrx_word' id='word_1_246' title='bbox 1108 3128 1164 3212; x_wconf 87' lang='lat' dir='ltr'>(cf.</span> <span class='ocrx_word' id='word_1_247' title='bbox 1183 3127 1226 3192; x_wconf 85' lang='lat' dir='ltr'>ad</span> <span class='ocrx_word' id='word_1_248' title='bbox 1249 3151 1280 3192; x_wconf 92' lang='lat' dir='ltr'>v.</span> <span class='ocrx_word' id='word_1_249' title='bbox 1298 3129 1351 3194; x_wconf 83' lang='lat'>35</span> <span class='ocrx_word' id='word_1_250' title='bbox 1370 3134 1426 3195; x_wconf 89' lang='grc'>39.</span> 
     </span>
     <span class='ocr_line' id='line_1_28' title="bbox 228 3227 1425 3316; baseline 0.005 -25"><span class='ocrx_word' id='word_1_251' title='bbox 228 3291 243 3312; x_wconf 59' lang='grc'>,</span> <span class='ocrx_word' id='word_1_252' title='bbox 277 3229 347 3293; x_wconf 92' lang='grc'><strong>146.</strong></span> <span class='ocrx_word' id='word_1_253' title='bbox 373 3230 443 3293; x_wconf 84' lang='grc'><strong>165.</strong></span> <span class='ocrx_word' id='word_1_254' title='bbox 460 3229 550 3313; x_wconf 91' lang='grc'>224),</span> <span class='ocrx_word' id='word_1_255' title='bbox 574 3239 754 3293; x_wconf 89' lang='lat' dir='ltr'>ceterorum</span> <span class='ocrx_word' id='word_1_256' title='bbox 776 3227 902 3294; x_wconf 90' lang='lat' dir='ltr'>nullum</span> <span class='ocrx_word' id='word_1_257' title='bbox 925 3252 1006 3313; x_wconf 89' lang='grc'><strong>6666,</strong></span> <span class='ocrx_word' id='word_1_258' title='bbox 1031 3231 1087 3316; x_wconf 90' lang='lat' dir='ltr'>qui</span> <span class='ocrx_word' id='word_1_259' title='bbox 1109 3253 1218 3293; x_wconf 91' lang='lat' dir='ltr'>omnes</span> <span class='ocrx_word' id='word_1_260' title='bbox 1243 3233 1425 3297; x_wconf 89' lang='lat' dir='ltr'>contineat.</span> 
     </span>
     <span class='ocr_line' id='line_1_29' title="bbox 128 3329 1425 3416; baseline 0.003 -21"><span class='ocrx_word' id='word_1_261' title='bbox 128 3374 131 3380; x_wconf 88' lang='lat'><em>·</em></span> <span class='ocrx_word' id='word_1_262' title='bbox 276 3329 467 3395; x_wconf 78' lang='lat' dir='ltr'>Simillimus</span> <span class='ocrx_word' id='word_1_263' title='bbox 496 3331 627 3416; x_wconf 91' lang='lat' dir='ltr'>quidem</span> <span class='ocrx_word' id='word_1_264' title='bbox 650 3331 855 3416; x_wconf 83' lang='lat' dir='ltr'>Frisingensi</span> <span class='ocrx_word' id='word_1_265' title='bbox 877 3342 925 3394; x_wconf 90' lang='lat' dir='ltr'>est</span> <span class='ocrx_word' id='word_1_266' title='bbox 947 3330 1052 3395; x_wconf 87' lang='lat' dir='ltr'>codex</span> <span class='ocrx_word' id='word_1_267' title='bbox 1076 3331 1356 3414; x_wconf 89' lang='lat' dir='ltr'>Vindobonensis,</span> <span class='ocrx_word' id='word_1_268' title='bbox 1390 3337 1425 3399; x_wconf 94' lang='lat' dir='ltr'>in</span> 
     </span>
    </p>

    <p class='ocr_par' dir='ltr' id='par_1_10' title="bbox 238 3431 1424 3523">
     <span class='ocr_line' id='line_1_30' title="bbox 238 3431 1424 3523; baseline 0.004 -28"><span class='ocrx_word' id='word_1_269' title='bbox 238 3431 240 3434; x_wconf 41' lang='lat'><em>⁴</em></span> <span class='ocrx_word' id='word_1_270' title='bbox 276 3454 339 3516; x_wconf 93' lang='lat' dir='ltr'>quo</span> <span class='ocrx_word' id='word_1_271' title='bbox 363 3454 394 3523; x_wconf 25' lang='lat' dir='ltr'>v..</span> <span class='ocrx_word' id='word_1_272' title='bbox 410 3431 547 3513; x_wconf 81' lang='lat'>35-43,</span> <span class='ocrx_word' id='word_1_273' title='bbox 572 3433 708 3513; x_wconf 80' lang='lat'>79-83‚</span> <span class='ocrx_word' id='word_1_274' title='bbox 733 3433 897 3498; x_wconf 77' lang='grc'><strong>107-121</strong></span> <span class='ocrx_word' id='word_1_275' title='bbox 922 3431 1059 3497; x_wconf 87' lang='lat' dir='ltr'>totidem</span> <span class='ocrx_word' id='word_1_276' title='bbox 1081 3434 1150 3497; x_wconf 82' lang='lat' dir='ltr'>fere</span> <span class='ocrx_word' id='word_1_277' title='bbox 1172 3432 1282 3497; x_wconf 91' lang='lat' dir='ltr'>verbis</span> <span class='ocrx_word' id='word_1_278' title='bbox 1305 3433 1424 3520; x_wconf 83' lang='lat' dir='ltr'>legun-</span> 
     </span>
    </p>

    <p class='ocr_par' dir='ltr' id='par_1_11' title="bbox 207 3533 1429 3722">
     <span class='ocr_line' id='line_1_31' title="bbox 207 3533 1429 3621; baseline 0.007 -25"><span class='ocrx_word' id='word_1_279' title='bbox 207 3552 210 3555; x_wconf 73' lang='grc'>’</span> <span class='ocrx_word' id='word_1_280' title='bbox 274 3543 338 3614; x_wconf 90' lang='lat' dir='ltr'>tur,</span> <span class='ocrx_word' id='word_1_281' title='bbox 361 3534 407 3596; x_wconf 90' lang='lat' dir='ltr'>ita</span> <span class='ocrx_word' id='word_1_282' title='bbox 429 3543 466 3598; x_wconf 89' lang='lat' dir='ltr'>ut</span> <span class='ocrx_word' id='word_1_283' title='bbox 481 3533 686 3620; x_wconf 86' lang='lat' dir='ltr'>Frisingensi</span> <span class='ocrx_word' id='word_1_284' title='bbox 708 3557 768 3621; x_wconf 90' lang='lat' dir='ltr'>par</span> <span class='ocrx_word' id='word_1_285' title='bbox 790 3543 875 3597; x_wconf 88' lang='lat' dir='ltr'>esset</span> <span class='ocrx_word' id='word_1_286' title='bbox 891 3535 1082 3618; x_wconf 80' lang='lat' dir='ltr'>censendus,</span> <span class='ocrx_word' id='word_1_287' title='bbox 1105 3536 1170 3599; x_wconf 91' lang='grc'><strong>6161</strong></span> <span class='ocrx_word' id='word_1_288' title='bbox 1186 3536 1219 3598; x_wconf 92' lang='grc'>16</span> <span class='ocrx_word' id='word_1_289' title='bbox 1234 3534 1381 3600; x_wconf 89' lang='lat' dir='ltr'>litteram</span> <span class='ocrx_word' id='word_1_290' title='bbox 1400 3539 1429 3604; x_wconf 78' lang='lat'><em>0</em></span> 
     </span>
     <span class='ocr_line' id='line_1_32' title="bbox 275 3634 1424 3722; baseline 0.006 -25"><span class='ocrx_word' id='word_1_291' title='bbox 275 3634 436 3701; x_wconf 87' lang='lat' dir='ltr'>deficeret.</span> <span class='ocrx_word' id='word_1_292' title='bbox 480 3637 653 3708; x_wconf 84' lang='lat' dir='ltr'>Praeterea</span> <span class='ocrx_word' id='word_1_293' title='bbox 681 3658 753 3699; x_wconf 90' lang='lat' dir='ltr'>cum</span> <span class='ocrx_word' id='word_1_294' title='bbox 777 3635 947 3698; x_wconf 80' lang='lat' dir='ltr'>Turicensi</span> <span class='ocrx_word' id='word_1_295' title='bbox 976 3646 1159 3721; x_wconf 90' lang='lat' dir='ltr'>congruunt</span> <span class='ocrx_word' id='word_1_296' title='bbox 1187 3637 1424 3722; x_wconf 88' lang='lat' dir='ltr'>Frisingenses</span> 
     </span>
    </p>
   </div>
   <div class='ocr_carea' id='block_1_7' title="bbox 239 3724 1425 4541">
    <p class='ocr_par' dir='ltr' id='par_1_12' title="bbox 239 3724 1422 4029">
     <span class='ocr_line' id='line_1_33' title="bbox 239 3724 1422 3821; baseline 0.003 -20"><span class='ocrx_word' id='word_1_297' title='bbox 239 3724 241 3726; x_wconf 60' lang='lat'>,</span> <span class='ocrx_word' id='word_1_298' title='bbox 275 3738 455 3801; x_wconf 87' lang='lat' dir='ltr'>sententiae</span> <span class='ocrx_word' id='word_1_299' title='bbox 485 3738 651 3802; x_wconf 83' lang='lat'>109.112.</span> <span class='ocrx_word' id='word_1_300' title='bbox 678 3739 748 3802; x_wconf 80' lang='grc'><strong>116.</strong></span> <span class='ocrx_word' id='word_1_301' title='bbox 773 3737 844 3801; x_wconf 94' lang='grc'><strong>116.</strong></span> <span class='ocrx_word' id='word_1_302' title='bbox 867 3738 940 3801; x_wconf 87' lang='grc'>226.</span> <span class='ocrx_word' id='word_1_303' title='bbox 963 3738 1036 3801; x_wconf 89' lang='grc'>284.</span> <span class='ocrx_word' id='word_1_304' title='bbox 1060 3739 1138 3821; x_wconf 75' lang='grc'><strong>366,</strong></span> <span class='ocrx_word' id='word_1_305' title='bbox 1170 3762 1189 3801; x_wconf 86' lang='grc'>6</span> <span class='ocrx_word' id='word_1_306' title='bbox 1212 3737 1320 3804; x_wconf 81' lang='lat' dir='ltr'>Gellio</span> <span class='ocrx_word' id='word_1_307' title='bbox 1348 3739 1422 3805; x_wconf 70' lang='lat' dir='ltr'>laun</span> 
     </span>
     <span class='ocr_line' id='line_1_34' title="bbox 275 3838 1422 3956; baseline 0.004 -56"><span class='ocrx_word' id='word_1_308' title='bbox 275 3838 354 3901; x_wconf 91' lang='lat' dir='ltr'>dan</span> <span class='ocrx_word' id='word_1_309' title='bbox 342 3848 395 3901; x_wconf 90' lang='grc' dir='ltr'>ιιι</span> <span class='ocrx_word' id='word_1_310' title='bbox 417 3861 448 3902; x_wconf 92' lang='lat' dir='ltr'>v.</span> <span class='ocrx_word' id='word_1_311' title='bbox 474 3839 684 3921; x_wconf 87' lang='grc'><strong>19361362,</strong></span> <span class='ocrx_word' id='word_1_312' title='bbox 708 3839 1148 3923; x_wconf 67' lang='grc'><strong>6666666611961286,</strong></span> <span class='ocrx_word' id='word_1_313' title='bbox 1173 3863 1252 3956; x_wconf 82' lang='lat' dir='ltr'>quos</span> <span class='ocrx_word' id='word_1_314' title='bbox 1276 3863 1295 3904; x_wconf 91' lang='lat' dir='ltr'>a</span> <span class='ocrx_word' id='word_1_315' title='bbox 1319 3840 1422 3906; x_wconf 89' lang='lat' dir='ltr'>libr-a</span> 
     </span>
     <span class='ocr_line' id='line_1_35' title="bbox 274 3939 1424 4029; baseline 0.005 -27"><span class='ocrx_word' id='word_1_316' title='bbox 274 3941 330 4004; x_wconf 90' lang='lat' dir='ltr'>rio</span> <span class='ocrx_word' id='word_1_317' title='bbox 350 3942 384 4003; x_wconf 94' lang='lat' dir='ltr'>in</span> <span class='ocrx_word' id='word_1_318' title='bbox 413 3954 558 4004; x_wconf 87' lang='lat' dir='ltr'>veterum</span> <span class='ocrx_word' id='word_1_319' title='bbox 587 3941 689 4027; x_wconf 83' lang='lat' dir='ltr'>script</span> <span class='ocrx_word' id='word_1_320' title='bbox 691 3942 718 4004; x_wconf 93' lang='lat' dir='ltr'>is</span> <span class='ocrx_word' id='word_1_321' title='bbox 676 3939 882 4004; x_wconf 92' lang='lat' dir='ltr'>tmultum</span> <span class='ocrx_word' id='word_1_322' title='bbox 911 3940 1058 4006; x_wconf 89' lang='lat' dir='ltr'>volutato</span> <span class='ocrx_word' id='word_1_323' title='bbox 1087 3963 1128 4004; x_wconf 83' lang='lat' dir='ltr'>ex</span> <span class='ocrx_word' id='word_1_324' title='bbox 1150 3943 1230 4029; x_wconf 89' lang='lat' dir='ltr'>ipsis</span> <span class='ocrx_word' id='word_1_325' title='bbox 1254 3941 1424 4010; x_wconf 82' lang='lat' dir='ltr'>Gellioet</span> 
     </span>
    </p>

    <p class='ocr_par' dir='ltr' id='par_1_13' title="bbox 273 4022 1425 4541">
     <span class='ocr_line' id='line_1_36' title="bbox 275 4022 1424 4129; baseline 0.003 -22"><span class='ocrx_word' id='word_1_326' title='bbox 275 4042 398 4107; x_wconf 83' lang='lat' dir='ltr'>Seneca</span> <span class='ocrx_word' id='word_1_327' title='bbox 425 4022 533 4105; x_wconf 81' lang='lat' dir='ltr'>illatos</span> <span class='ocrx_word' id='word_1_328' title='bbox 557 4065 628 4106; x_wconf 88' lang='grc'><strong>6666</strong></span> <span class='ocrx_word' id='word_1_329' title='bbox 651 4042 725 4107; x_wconf 87' lang='lat' dir='ltr'>ideo</span> <span class='ocrx_word' id='word_1_330' title='bbox 747 4064 860 4128; x_wconf 90' lang='lat' dir='ltr'>parum</span> <span class='ocrx_word' id='word_1_331' title='bbox 884 4041 1111 4107; x_wconf 87' lang='lat' dir='ltr'>credibilet</span> <span class='ocrx_word' id='word_1_332' title='bbox 1063 4052 1111 4106; x_wconf 89' lang='grc'>661</span> <span class='ocrx_word' id='word_1_333' title='bbox 1118 4043 1274 4129; x_wconf 91' lang='lat' dir='ltr'>,quia</span> <span class='ocrx_word' id='word_1_334' title='bbox 1255 4065 1313 4106; x_wconf 91' lang='lat' dir='ltr'>eur</span> <span class='ocrx_word' id='word_1_335' title='bbox 1336 4044 1424 4110; x_wconf 91' lang='lat' dir='ltr'>duos</span> 
     </span>
     <span class='ocr_line' id='line_1_37' title="bbox 273 4092 1425 4261; baseline 0.003 -53"><span class='ocrx_word' id='word_1_336' title='bbox 273 4143 355 4240; x_wconf 89' lang='lat' dir='ltr'>alios</span> <span class='ocrx_word' id='word_1_337' title='bbox 371 4167 390 4207; x_wconf 89' lang='lat' dir='ltr'>a</span> <span class='ocrx_word' id='word_1_338' title='bbox 405 4142 513 4210; x_wconf 82' lang='lat' dir='ltr'>Gellio</span> <span class='ocrx_word' id='word_1_339' title='bbox 537 4144 651 4209; x_wconf 89' lang='lat' dir='ltr'>eodem</span> <span class='ocrx_word' id='word_1_340' title='bbox 672 4143 742 4209; x_wconf 92' lang='lat' dir='ltr'>loco</span> <span class='ocrx_word' id='word_1_341' title='bbox 765 4144 907 4261; x_wconf 87' lang='lat' dir='ltr'>prolatos</span> <span class='ocrx_word' id='word_1_342' title='bbox 931 4145 979 4229; x_wconf 85' lang='lat' dir='ltr'>(v.</span> <span class='ocrx_word' id='word_1_343' title='bbox 998 4092 1160 4230; x_wconf 90' lang='grc'><strong>106264)</strong></span> <span class='ocrx_word' id='word_1_344' title='bbox 1178 4147 1335 4229; x_wconf 87' lang='lat' dir='ltr'>omiserit,</span> <span class='ocrx_word' id='word_1_345' title='bbox 1359 4149 1425 4211; x_wconf 82' lang='lat' dir='ltr'>vix</span> 
     </span>
     <span class='ocr_line' id='line_1_38' title="bbox 274 4196 1425 4334; baseline 0.004 -25"><span class='ocrx_word' id='word_1_346' title='bbox 274 4237 324 4309; x_wconf 87' lang='grc'>661</span> <span class='ocrx_word' id='word_1_347' title='bbox 326 4247 352 4309; x_wconf 88' lang='grc'>16</span> <span class='ocrx_word' id='word_1_348' title='bbox 311 4242 498 4310; x_wconf 85' lang='lat' dir='ltr'>tidonea</span> <span class='ocrx_word' id='word_1_349' title='bbox 520 4268 617 4311; x_wconf 87' lang='lat' dir='ltr'>causa</span> <span class='ocrx_word' id='word_1_350' title='bbox 642 4248 783 4313; x_wconf 89' lang='lat' dir='ltr'>inveniri</span> <span class='ocrx_word' id='word_1_351' title='bbox 805 4254 922 4333; x_wconf 88' lang='lat' dir='ltr'>potest</span> <span class='ocrx_word' id='word_1_352' title='bbox 968 4232 1079 4325; x_wconf 82' lang='lat' dir='ltr'>Quare</span> <span class='ocrx_word' id='word_1_353' title='bbox 1100 4269 1166 4311; x_wconf 93' lang='lat' dir='ltr'>non</span> <span class='ocrx_word' id='word_1_354' title='bbox 1190 4256 1253 4328; x_wconf 93' lang='lat' dir='ltr'>est,</span> <span class='ocrx_word' id='word_1_355' title='bbox 1283 4196 1422 4334; x_wconf 82' lang='lat' dir='ltr'>qubd&#39;&#39;</span> <span class='ocrx_word' id='word_1_356' title='bbox 1399 4275 1425 4314; x_wconf 88' lang='grc' dir='ltr'>ιι</span> 
     </span>
     <span class='ocr_line' id='line_1_39' title="bbox 274 4347 1425 4465; baseline 0.005 -55"><span class='ocrx_word' id='word_1_357' title='bbox 274 4369 388 4413; x_wconf 84' lang='lat' dir='ltr'>versus</span> <span class='ocrx_word' id='word_1_358' title='bbox 410 4351 445 4412; x_wconf 93' lang='lat' dir='ltr'>in</span> <span class='ocrx_word' id='word_1_359' title='bbox 466 4350 654 4413; x_wconf 90' lang='lat' dir='ltr'>universum</span> <span class='ocrx_word' id='word_1_360' title='bbox 677 4347 808 4433; x_wconf 88' lang='lat' dir='ltr'>quidem</span> <span class='ocrx_word' id='word_1_361' title='bbox 830 4350 1048 4465; x_wconf 81' lang='lat' dir='ltr'>suspicionem</span> <span class='ocrx_word' id='word_1_362' title='bbox 1065 4359 1218 4413; x_wconf 85' lang='lat' dir='ltr'>moveant</span> <span class='ocrx_word' id='word_1_363' title='bbox 1219 4360 1425 4437; x_wconf 87' lang='lat' dir='ltr'>,tamquam</span> 
     </span>
     <span class='ocr_line' id='line_1_40' title="bbox 274 4448 1424 4541; baseline 0.009 -30"><span class='ocrx_word' id='word_1_364' title='bbox 274 4448 405 4519; x_wconf 85' lang='lat' dir='ltr'>aliunde</span> <span class='ocrx_word' id='word_1_365' title='bbox 427 4451 628 4534; x_wconf 80' lang='lat' dir='ltr'>assuti;·sed</span> <span class='ocrx_word' id='word_1_366' title='bbox 651 4451 805 4519; x_wconf 87' lang='lat' dir='ltr'>videntur</span> <span class='ocrx_word' id='word_1_367' title='bbox 826 4453 933 4541; x_wconf 89' lang='lat' dir='ltr'>potius</span> <span class='ocrx_word' id='word_1_368' title='bbox 955 4452 1010 4518; x_wconf 89' lang='lat' dir='ltr'><strong>F</strong></span> <span class='ocrx_word' id='word_1_369' title='bbox 984 4473 1177 4536; x_wconf 78' lang='lat' dir='ltr'>rismgensls</span> <span class='ocrx_word' id='word_1_370' title='bbox 1201 4452 1424 4521; x_wconf 65' lang='grc'><strong>6111166666-</strong></span> 
     </span>
    </p>
   </div>
   <div class='ocr_carea' id='block_1_8' title="bbox 0 0 1512 5116">
    <p class='ocr_par' dir='ltr' id='par_1_14' title="bbox 0 0 1512 5116">
     <span class='ocr_line' id='line_1_41' title="bbox 0 0 1512 5116; baseline 0 0"><span class='ocrx_word' id='word_1_371' title='bbox 0 0 1512 5116; x_wconf 95' lang='lat' dir='ltr'> </span> 
     </span>
    </p>
   </div>
  </div>
 </body>
</html>
