3014 5116
250 356 292 425 90
479 407 483 417 .
686 369 960 424 rnonneounnn.

250 531 334 595 liber
361 529 637 617 proverbiorum’,
666 532 688 594 i.
717 552 744 593 e.
773 530 954 595 sententiae
982 527 1135 611 Publilii,
1166 525 1286 612 quibus
1317 520 1402 589 aliae

248 643 359 698 tamen
381 634 581 720 irrepserunt
603 654 645 696 ex
665 631 738 697 aliis
755 632 943 697 auetorIbus
960 631 1161 716 desumptae.
1199 628 1273 691 Hoc
1289 637 1401 691 autem

248 737 284 798 in
306 734 418 798 codice
441 732 607 818 singulare
630 743 696 817 est,
726 734 812 819 quod
836 734 897 798 sub
919 733 1016 796 finem
1039 729 1290 817 proverbiorum
1314 729 1400 793 litte·
1465 814 1466 820 ἵ

248 859 305 901 rae
334 836 366 902 V
383 837 503 920 viginti
526 836 594 898 l'ere
617 837 797 914 sententiae
819 835 1012 899 subiunctae
1035 844 1126 917 sunt,
1156 833 1277 918 partim
1301 831 1400 917 pede·
1450 847 1451 851 ’

250 951 350 1022 stres,
380 938 492 1002 decem
514 937 736 1020 Publilianae,
760 938 952 1023 mediusque
975 935 1025 1000 his
1047 937 1188 1000 insertus
1212 955 1332 997 versus
1359 933 1401 1017 (si

250 1040 345 1106 modo
367 1062 482 1104 versus
507 1022 568 1125 est)¹
591 1049 724 1105 nostrae
747 1038 900 1103 editionis
924 1038 1003 1122 638,
1026 1037 1190 1124 prioribus
1213 1035 1400 1100 editoribus

249 1146 392 1227 ignotus.
995 1160 998 1163 ·
1246 1152 1247 1159 ’

334 1245 403 1308 Iam
426 1265 545 1328 agmen
568 1242 721 1307 claudant
743 1244 767 1307 ii
789 1242 930 1326 codices,
955 1243 1011 1329 qui
1033 1265 1052 1305 a
1075 1229 1238 1328 prioribus
1261 1238 1400 1304 Publilii

250 1345 429 1410 editoribus
452 1344 594 1409 adhibiti
616 1354 702 1408 sunt.

336 1446 476 1512 Codex
498 1446 673 1529 Erasmi,
698 1447 787 1510 cuius
810 1447 852 1510 ad
875 1447 972 1510 fidem
989 1448 1059 1533 ipse
1083 1446 1260 1510 editionem
1276 1445 1399 1531 princi·
1445 1520 1449 1539 ν

251 1572 323 1638 pem
347 1551 485 1613 curavit.
524 1548 609 1611 Eum
623 1542 704 1612 'esse
727 1551 843 1630 exiis,
868 1572 946 1635 quos
969 1549 1137 1613 Bentleius
1161 1570 1203 1611 ex
1223 1547 1399 1610 Cantabri-

249 1653 323 1736 giae
344 1649 554 1716 bibliothecis
577 1652 696 1737 petitos
719 1652 791 1738 ipse
812 1654 969 1733 versavit,
993 1649 1090 1713 valde
1112 1651 1183 1713 veri
1205 1649 1316 1712 simile
1341 1657 1398 1712 est.

335 1753 473 1818 Codex
495 1751 805 1835 Panthaleonis,
831 1755 983 1839 ‘scriptus
1006 1761 1082 1816 ante
1104 1750 1229 1837 aliquot
1252 1749 1398 1831 saecula,

250 1855 385 1943 pulvere
408 1863 440 1918 et
462 1855 559 1918 tineis
583 1853 651 1917 fere
673 1857 869 1940 corruptus',
891 1864 928 1919 ut
941 1855 1021 1942 ipse
1042 1853 1123 1917 dicit
1145 1854 1178 1916 in
1194 1852 1401 1939 praefatione

250 1958 403 2023 editionis
427 1978 512 2020 anno
538 1955 619 2020 1544
641 1957 676 2018 in
698 1955 803 2020 lucem
826 1956 973 2021 emissae.

226 2064 233 2073 '
336 2058 412 2121 Duo
435 2055 594 2122 codices
611 2056 652 2122 G.
669 2057 872 2142 Fabricii,
895 2060 1082 2145 inquorum
1099 2057 1401 2121 alteroProverbia

251 2160 395 2225 Senecae
422 2158 578 2222 videntur
606 2160 735 2246 scripta
750 2161 867 2244 luisse3
900 2160 1039 2225 alterum
1062 2160 1113 2223 his
1137 2158 1247 2223 verbis
1271 2158 1400 2243 signifi·

251 2262 355 2325 eavit:
384 2262 669 2346 manuscriptum,
693 2262 728 2325 in
751 2285 813 2349 quo
836 2261 1011 2327 multorum
1033 2261 1188 2326 collectae
1210 2270 1305 2323 erant
1328 2282 1400 2322 sen-

249 2364 397 2428 tentiae’.

336 2460 507 2528 Codices
536 2464 731 2548 Palatini,
762 2466 805 2531 ad
833 2490 912 2554 quos
936 2466 1097 2532 Gruterus
1120 2464 1303 2529 identidem
1326 2487 1399 2550 pro-

250 2576 356 2650 vocat,
381 2565 510 2631 saeculo
526 2567 626 2631 XIII.
642 2568 697 2631 vel
713 2568 807 2634 XIV.
831 2592 896 2633 non
918 2571 1114 2634 vetustiores
1138 2566 1295 2631 censendi
1311 2577 1400 2648 sunt,

246 2671 336 2733 ‘sicut
359 2667 525 2752 colligitur
547 2690 590 2733 ex
612 2670 931 2758 interpolationibus.
975 2673 1100 2735 Horum
1123 2671 1224 2755 igitur
1245 2691 1308 2755 ope
1325 2690 1399 2733 cum

250 2770 348 2835 facile
371 2791 481 2834 carere
504 2773 676 2857 possimus,
699 2795 782 2836 unus
805 2770 948 2854 tantum,
972 2773 1030 2858 qui
1051 2772 1226 2856 indagetur
1249 2781 1282 2834 et
1304 2793 1400 2834 accu-

202 2934 205 2940 .
250 2874 353 2936 ratius
377 2873 578 2955 excutiatur,
607 2896 672 2938 non
694 2873 791 2960 plane
813 2874 968 2959 indignus
992 2882 1056 2956 est,
1086 2895 1159 2938 eum
1182 2873 1272 2956 dico,
1305 2875 1401 2936 euius

251 2974 449 3038 mentionem
472 2973 552 3039 feeit
575 2975 735 3040 Gruterus
758 2976 799 3040 ad
823 2999 855 3039 v.
871 2978 924 3058 35,
948 2985 980 3040 ct
1002 2997 1098 3061 quem
1121 2974 1259 3062 eundem
1284 2976 1320 3037 in
1343 2975 1400 3038 ad-

250 3074 473 3142 notationibus
496 3076 540 3139 ad
562 3099 595 3142 v.
617 3078 659 3143 39
682 3088 714 3143 et
739 3079 798 3142 146
821 3078 1006 3163 significare
1028 3078 1171 3160 ¹videtur.

338 3176 474 3242 Codex
505 3178 538 3243 S.
568 3179 752 3260 Amandi,
782 3181 872 3244 cuius
902 3166 1051 3243 meminit
1078 3179 1261 3266 Dionysius
1287 3177 1401 3243 Godo-

251 3278 363 3343 fredus
386 3280 421 3341 in
443 3279 587 3346 editione
609 3280 752 3346 Senecae
774 3303 858 3345 anno
883 3282 964 3346 1590
986 3284 1135 3346 emissae.

338 3379 507 3448 Codices
537 3382 715 3448 Bentleii
738 3393 906 3469 quattuor,
931 3384 1162 3467 Cottonianus,
1186 3381 1401 3464 Sidneianus,

252 3491 357 3555 codex
373 3489 488 3554 Caiani
511 3497 544 3552 et
566 3485 672 3550 codex
693 3485 823 3570 collegii
840 3486 960 3550 Trinit.
977 3485 1132 3550 Cantabr.
1157 3493 1294 3570 excepto
1318 3507 1353 3548 v.
1371 3487 1402 3549 9.

253 3591 417 3677 (quicquid
442 3613 501 3677 pro
529 3612 583 3670 eo,
611 3588 698 3674 quod
725 3589 760 3650 in
776 3575 922 3673 ¹reliquis
950 3586 1044 3651 libris
1067 3588 1224 3672 scriptum
1248 3597 1299 3649 est
1323 3590 1404 3668 quta

251 3695 304 3758 vel
327 3695 424 3778 quod)
455 3692 538 3755 nihil
560 3692 629 3779 l'ere
652 3689 730 3753 boni
752 3689 890 3769 habent,
920 3690 986 3752 nisi
1007 3689 1093 3774 quod
1116 3691 1151 3752 in
1172 3688 1296 3752 nostris
1321 3712 1402 3775 quo-

250 3817 313 3881 que
342 3793 511 3859 codicibus
537 3791 695 3854 traditum
718 3793 770 3854 sit.
816 3789 976 3871 Quintum
998 3789 1142 3855 codicem
1150 3840 1159 3873 ,
1188 3789 1402 3872 Leidensem,

252 3895 394 3960 Bentleii
416 3895 451 3958 in
473 3895 613 3979 gratiam
636 3891 798 3957 consuluit
819 3892 1026 3957 Abrahamus
1051 3891 1250 3956 Gronovius.

337 3996 474 4062 Codex
502 3993 925 4082 Gryphiswaldensis,
954 3995 1240 4075 membranaceus,
1268 3996 1403 4061 saeculo

250 4101 319 4164 fere
342 4098 437 4162 XIV.
462 4098 601 4183 scriptus
609 4147 619 4181 ,
642 4094 778 4161 collatus
801 4119 821 4159 a
842 4095 1026 4162 Reinholdo
1049 4120 1134 4161 anno
1161 4096 1251 4177 1838,
1275 4097 1404 4163 nullius

252 4211 302 4265 est
324 4201 431 4286 pretii.
