3014 5116
501 399 775 470 raonnsonnul.
811 376 812 379 ’
1167 385 1209 450 55

105 559 214 619 Nullas
236 563 277 618 cst
298 563 359 618 tam
380 539 505 639 ratast)
521 516 666 631 aedessas,
689 550 780 632 quam
800 560 876 633 qaod
897 560 1004 620 babeas
1020 577 1150 634 parcere.
1244 544 1247 550 ⁵

59 688 187 756 Similis
216 698 266 753 est
294 688 477 753 emendatio
500 712 532 753 v.
555 689 633 772 329,
663 689 721 753 ubi
749 712 791 753 ex
813 689 981 755 codicibus
1004 692 1208 776 reposuimus

54 793 205 859 ,misereri
226 813 283 876 pro
307 813 344 857 eo
368 791 455 879 quod
477 792 513 855 in
535 791 735 857 editionibus
759 792 1066 873 circumferebatur,
1090 796 1206 859 miseri.

147 895 276 959 Passim
304 893 551 979 pronominibus
580 895 723 975 quisquis
746 902 777 957 et
800 896 955 976 quidquid
981 892 1108 958 librarii
1135 896 1209 958 sub-

59 997 240 1062 stituerunt
262 997 333 1078 quis
356 1003 387 1058 et
410 996 502 1075 quid,
526 993 580 1057 vel
602 996 658 1059 ubi
683 998 844 1060 sententia
866 1016 1000 1081 poscere
1022 995 1209 1078 videbatur,

61 1101 120 1181 qai
143 1106 174 1162 et
196 1099 286 1179 qaod.
331 1095 493 1182 Exemplo
516 1097 582 1160 sint
605 1118 720 1160 versus
743 1096 763 1159 9
786 1106 818 1161 et
839 1097 912 1179 379,
935 1096 993 1161 ubi
1017 1096 1105 1183 quod
1127 1099 1160 1161 in
1179 1098 1215 1160 F

57 1200 218 1265 traditum
241 1207 301 1279 est,
325 1200 415 1281 quod,
438 1218 499 1261 nec
522 1199 685 1262 senarium
709 1197 821 1285 explet
836 1208 867 1262 et
882 1197 1040 1262 facillima
1056 1196 1223 1264 emenda-s

57 1305 119 1385 tio,
141 1311 179 1366 ut
194 1301 356 1366 scribatur
371 1302 532 1383 quidquid,
549 1299 786 1365 vetustioribus
802 1298 972 1365 codicibus
989 1300 1206 1365 confirmatur.

59 1387 174 1484 Quare
197 1405 234 1467 in
254 1404 295 1466 iis
319 1424 446 1489 quoque
469 1403 651 1484 sententiis,
676 1424 758 1488 quac
773 1403 809 1464 in
823 1400 891 1466 solo
907 1401 943 1464 F
954 1397 1104 1466 servatae
1121 1412 1206 1484 sunt,

57 1505 150 1570 idern
172 1505 246 1569 vitii
268 1525 371 1589 genus
396 1503 600 1591 subrepsisse
622 1505 765 1567 maxime
787 1505 858 1567 veri
881 1502 987 1567 simile
1011 1513 1070 1568 est.
1108 1503 1208 1590 Exqui-

58 1609 137 1671 dem
160 1615 248 1670 certe
269 1607 304 1670 in
327 1607 498 1670 sententiis
521 1605 741 1690 generalibus,
765 1603 877 1692 quales
900 1614 976 1669 sunt
991 1603 1207 1689 Publilianae,

56 1710 118 1774 ubi
146 1708 332 1795 pronomini
360 1705 498 1771 relativo
521 1708 634 1773 deesse
656 1728 754 1770 unam
777 1705 939 1793 syllabam
961 1715 1067 1793 patet,
1080 1730 1081 1733 ¹
1096 1704 1208 1770 malim

56 1811 223 1894 corrigere
243 1804 393 1892 quisquis,
418 1831 514 1895 quam
530 1809 617 1896 quod
631 1807 689 1880 alii
703 1808 950 1890 adamaverunt,
974 1810 1084 1891 isqui.
1118 1807 1208 1892 Ergo
1237 1824 1243 1831 ‘

56 1915 95 1977 in
119 1935 151 1977 v.
175 1913 236 1977 618

308 2018 410 2078 Suetus
430 2021 464 2091 fit
486 2021 595 2093 culpae,
618 2021 668 2092 qut
689 2023 837 2078 nocentem
858 2020 942 2087 locat,

54 2167 272 2232 colludii
303 2164 432 2230 facilius
461 2167 523 2229 erit
530 2215 538 2248 ,
568 2169 711 2248 quisquis
739 2165 911 2249 emendare
940 2187 1038 2251 quam
1059 2165 1206 2229 subleuat.
1256 2164 1261 2178 “’

55 2269 296 2336 Accusativum
324 2275 448 2349 tamen,
477 2289 673 2351 quemquem,
703 2290 775 2332 raro
802 2267 979 2331 admodum
1006 2275 1198 2353 usurpatum

54 2397 126 2438 non
148 2371 217 2435 ausi
242 2393 352 2434 sumus
375 2370 548 2433 restituere
571 2392 602 2433 v.
620 2370 693 2434 366.
738 2369 790 2434 Cf.
813 2378 981 2456 praeterea
1003 2391 1036 2433 v.
1059 2370 1111 2433 82.
1137 2367 1207 2444 155Ι

59 2475 134 2540 174.
157 2473 230 2537 200.
254 2471 327 2536 380.
495 2556 498 2562 .
1096 2544 1101 2549 x

38 2586 42 2593 ’
145 2575 253 2641 Unam
281 2572 422 2659 denique
449 2572 644 2637 emendandi
667 2575 755 2636 viam
777 2573 919 2639 editores
943 2573 1006 2661 sibi
1028 2573 1093 2660 ipsi
1115 2595 1207 2660 prae-

55 2678 236 2743 cluserunt.
282 2676 364 2739 Cum
393 2676 479 2738 enim
507 2673 682 2739 multarum
708 2674 964 2762 corruptelarum
986 2676 1078 2759 origo
1102 2675 1207 2738 exiis

54 2777 238 2866 repetenda
260 2778 314 2858 sit,
338 2777 477 2863 quaein
500 2776 666 2841 codicibus
689 2785 745 2840 aut
768 2779 917 2863 proxime
938 2770 1136 2841 antecedunt
1151 2786 1207 2840 aut

57 2882 318 2966 subsequuntur,
348 2879 425 2964 quia
452 2876 550 2940 facile
578 2877 662 2942 oculi
684 2900 704 2940 a
725 2880 834 2965 priore
863 2901 961 2943 versu
983 2878 1026 2942 ad
1048 2880 1206 2966 posterio-

55 3007 128 3048 rem
156 2983 308 3047 aberrant
336 2978 390 3042 vel
418 2980 580 3045 contrario
609 2979 704 3045 modo
726 3003 746 3043 a
768 2979 909 3045 librariis
939 2991 1108 3068 peccatur,
1138 3004 1204 3045 ma-

55 3089 189 3151 luerunt
210 3083 258 3147 illi
281 3082 515 3147 sententiarum
538 3081 701 3164 ordinem,
725 3105 788 3168 quo
811 3085 846 3147 in
869 3082 1038 3148 codicibus
1061 3106 1096 3147 se
1118 3084 1205 3147 exci-

55 3191 164 3276 piunt,
188 3208 245 3250 suo
268 3185 404 3249 arbitrio
426 3185 602 3247 invertere.
647 3185 706 3249 Ita.
722 3207 754 3247 v.
777 3185 841 3249 529

286 3327 343 3401 Qut
364 3326 459 3386 obesse
480 3345 546 3386 cam
561 3331 665 3399 potest,
687 3345 749 3386 rma
769 3329 839 3395 cult,
856 3328 976 3400 prodest

55 3459 222 3532 senarium
250 3456 402 3520 claudum
429 3477 523 3519 nemo
545 3456 653 3519 adhuc
674 3456 739 3519 nisi
761 3454 950 3520 fortissimis
973 3456 1126 3520 remediis
1148 3458 1204 3522 ad-

2 3626 5 3631 ,
55 3560 172 3624 hibitis
194 3559 413 3639 resuscitavit,
436 3559 566 3643 iamque
587 3557 627 3620 de
643 3557 788 3623 sanando
804 3556 1010 3638 diffidebant,
1035 3579 1109 3621 cum
1124 3559 1203 3622 Hal-

53 3663 143 3726 mius
170 3662 206 3724 in
235 3659 348 3725 codice
369 3658 406 3721 F
428 3660 610 3745 proximam
638 3661 833 3723 sententiam
860 3659 896 3722 in
923 3668 1120 3745 praenomen
1148 3663 1220 3725 tibi¹

55 3764 208 3827 desinere
235 3760 470 3825 animadvertit
498 3782 600 3847 eoque
627 3760 786 3825 vocabulo
808 3759 921 3825 addito
944 3783 1076 3826 versum
1098 3763 1133 3825 in
1155 3764 1203 3825 in-

15 3940 18 3948 ,
53 3876 185 3949 tegrum
207 3864 362 3927 restituit.
406 3862 447 3926 V.
463 3863 525 3926 491
549 3861 590 3925 de
611 3862 898 3950 corruptis'verbis
909 3869 1010 3946 potest
1022 3865 1108 3929 altas
1121 3863 1204 3928 nibil

54 3967 140 4030 certi
163 3974 289 4032 constat
311 3965 375 4029 nisi
397 3963 468 4048 hoc,
491 3972 603 4027 natum
626 3986 698 4028 esse
719 3966 838 4029 vitium
861 3987 903 4028 ex
923 3988 956 4033 v.
971 3966 1035 4030 492
1051 3968 1204 4048 prudenti

50 4070 170 4134 stultus
191 4073 242 4132 etc.
266 4075 475 4156 etquattuor
500 4074 627 4129 tantum
648 4064 765 4152 litteris
789 4067 888 4153 (pote)
912 4062 969 4154 pro
992 4067 1203 4131 fundamento

52 4169 292 4234 emendationis
314 4167 437 4232 relictis
460 4176 567 4231 cetera
590 4169 794 4233 coniecturae
815 4178 937 4256 patere.
982 4168 1023 4233 V.
1046 4169 1120 4233 440.

124 4357 153 4420 *)
171 4360 303 4409 Fortasse
321 4331 522 4424 praestattom
539 4358 637 4420 cenas,
656 4358 717 4408 coll.
735 4358 807 4410 Plin.
826 4376 853 4412 n.
873 4360 899 4410 h.
919 4362 959 4423 ts,
977 4354 1140 4421 §29'‘Oato
1159 4361 1201 4408 in·

26 4447 215 4527 ,terrogstus
233 4445 295 4508 quis
314 4447 389 4495 esset
407 4445 577 4495 certissimus
596 4449 736 4510 quaestus,
756 4444 909 4512 respondit:
929 4445 953 4498 si
971 4443 1042 4497 bene
1060 4451 1182 4516 pascas’.
