<?xml version="1.0" encoding="UTF-8"?>
<!DOCTYPE html PUBLIC "-//W3C//DTD XHTML 1.0 Transitional//EN"
    "http://www.w3.org/TR/xhtml1/DTD/xhtml1-transitional.dtd">
<html xmlns="http://www.w3.org/1999/xhtml" xml:lang="en" lang="en">
 <head>
  <title>
</title>
<meta http-equiv="Content-Type" content="text/html;charset=utf-8" />
  <meta name='ocr-system' content='tesseract 3.04.00' />
  <meta name='ocr-capabilities' content='ocr_page ocr_carea ocr_par ocr_line ocrx_word'/>
</head>
<body>
  <div class='ocr_page' id='page_1' title='image "./publiliisyrisen00wlgoog/publiliisyrisen00wlgoog_0098.png"; bbox 0 0 3044 5124; ppageno 0'>
   <div class='ocr_carea' id='block_1_1' title="bbox 390 398 900 447">
    <p class='ocr_par' dir='ltr' id='par_1_1' title="bbox 390 398 900 447">
     <span class='ocr_line' id='line_1_1' title="bbox 390 398 900 447; baseline 0.004 -3"><span class='ocrx_word' id='word_1_1' title='bbox 390 400 545 446; x_wconf 89' lang='lat' dir='ltr'><strong>PUBLILII</strong></span> <span class='ocrx_word' id='word_1_2' title='bbox 569 399 647 447; x_wconf 85' lang='lat' dir='ltr'><strong>SYRl</strong></span> <span class='ocrx_word' id='word_1_3' title='bbox 670 398 900 446; x_wconf 73' lang='lat' dir='ltr'><strong>suurnurlau.</strong></span> 
     </span>
    </p>
   </div>
   <div class='ocr_carea' id='block_1_2' title="bbox 57 551 1229 2261">
    <p class='ocr_par' dir='ltr' id='par_1_2' title="bbox 73 551 898 638">
     <span class='ocr_line' id='line_1_2' title="bbox 73 551 898 638; baseline -0.01 -17"><span class='ocrx_word' id='word_1_4' title='bbox 73 618 74 621; x_wconf 74' lang='grc'>,</span> <span class='ocrx_word' id='word_1_5' title='bbox 138 551 367 635; x_wconf 70' lang='lat' dir='ltr'><strong>¹Maledictum</strong></span> <span class='ocrx_word' id='word_1_6' title='bbox 389 552 634 638; x_wconf 89' lang='lat' dir='ltr'><strong>interpretando</strong></span> <span class='ocrx_word' id='word_1_7' title='bbox 657 551 757 615; x_wconf 82' lang='lat' dir='ltr'><strong>facias</strong></span> <span class='ocrx_word' id='word_1_8' title='bbox 780 551 898 614; x_wconf 88' lang='lat' dir='ltr'><strong>acrius.</strong></span> 
     </span>
    </p>

    <p class='ocr_par' dir='ltr' id='par_1_3' title="bbox 68 651 1146 934">
     <span class='ocr_line' id='line_1_3' title="bbox 68 651 1146 744; baseline -0.001 -27"><span class='ocrx_word' id='word_1_9' title='bbox 68 731 73 740; x_wconf 93' lang='lat'><strong>.</strong></span> <span class='ocrx_word' id='word_1_10' title='bbox 153 653 241 717; x_wconf 91' lang='lat' dir='ltr'><strong>Male</strong></span> <span class='ocrx_word' id='word_1_11' title='bbox 264 674 374 716; x_wconf 87' lang='lat' dir='ltr'><strong>secum</strong></span> <span class='ocrx_word' id='word_1_12' title='bbox 396 655 465 738; x_wconf 91' lang='lat' dir='ltr'><strong>agit</strong></span> <span class='ocrx_word' id='word_1_13' title='bbox 487 675 593 738; x_wconf 82' lang='lat' dir='ltr'><strong>aeger,</strong></span> <span class='ocrx_word' id='word_1_14' title='bbox 617 654 784 744; x_wconf 86' lang='lat' dir='ltr'><strong>medicum</strong></span> <span class='ocrx_word' id='word_1_15' title='bbox 802 653 858 737; x_wconf 90' lang='lat' dir='ltr'><strong>qui</strong></span> <span class='ocrx_word' id='word_1_16' title='bbox 880 652 1033 716; x_wconf 84' lang='lat' dir='ltr'>heredem</span> <span class='ocrx_word' id='word_1_17' title='bbox 1057 651 1146 716; x_wconf 85' lang='lat' dir='ltr'><strong>facit.</strong></span> 
     </span>
     <span class='ocr_line' id='line_1_4' title="bbox 153 745 877 840; baseline -0.003 -22"><span class='ocrx_word' id='word_1_18' title='bbox 153 745 263 818; x_wconf 89' lang='lat' dir='ltr'><strong>Minus</strong></span> <span class='ocrx_word' id='word_1_19' title='bbox 287 754 459 840; x_wconf 83' lang='lat' dir='ltr'><strong>decipitur,</strong></span> <span class='ocrx_word' id='word_1_20' title='bbox 484 760 536 818; x_wconf 94' lang='lat' dir='ltr'><strong>cui</strong></span> <span class='ocrx_word' id='word_1_21' title='bbox 559 765 696 839; x_wconf 91' lang='lat' dir='ltr'><strong>negatur</strong></span> <span class='ocrx_word' id='word_1_22' title='bbox 719 754 877 818; x_wconf 79' lang='lat' dir='ltr'><strong>celeriter.</strong></span> 
     </span>
     <span class='ocr_line' id='line_1_5' title="bbox 153 856 855 934; baseline -0.004 -13"><span class='ocrx_word' id='word_1_23' title='bbox 153 856 262 921; x_wconf 91' lang='lat' dir='ltr'><strong>Mutat</strong></span> <span class='ocrx_word' id='word_1_24' title='bbox 284 878 319 920; x_wconf 89' lang='lat' dir='ltr'><strong>se</strong></span> <span class='ocrx_word' id='word_1_25' title='bbox 341 856 472 921; x_wconf 81' lang='lat' dir='ltr'>bonitas</span> <span class='ocrx_word' id='word_1_26' title='bbox 494 858 628 920; x_wconf 88' lang='lat' dir='ltr'><strong>inritata</strong></span> <span class='ocrx_word' id='word_1_27' title='bbox 650 857 780 919; x_wconf 88' lang='lat' dir='ltr'><strong>iniuria.</strong></span> <span class='ocrx_word' id='word_1_28' title='bbox 853 930 855 934; x_wconf 68' lang='lat'><strong>,</strong></span> 
     </span>
    </p>

    <p class='ocr_par' dir='ltr' id='par_1_4' title="bbox 61 956 1229 1346">
     <span class='ocr_line' id='line_1_6' title="bbox 61 956 879 1042; baseline -0.004 -20"><span class='ocrx_word' id='word_1_29' title='bbox 61 966 129 1023; x_wconf 87' lang='lat'><strong>335</strong></span> <span class='ocrx_word' id='word_1_30' title='bbox 153 957 273 1024; x_wconf 81' lang='lat' dir='ltr'>Mulier</span> <span class='ocrx_word' id='word_1_31' title='bbox 295 980 369 1025; x_wconf 90' lang='lat' dir='ltr'><strong>curn</strong></span> <span class='ocrx_word' id='word_1_32' title='bbox 392 956 461 1022; x_wconf 87' lang='lat' dir='ltr'><strong>sola</strong></span> <span class='ocrx_word' id='word_1_33' title='bbox 483 958 616 1041; x_wconf 79' lang='lat' dir='ltr'><strong>cogitat,</strong></span> <span class='ocrx_word' id='word_1_34' title='bbox 640 956 723 1020; x_wconf 90' lang='lat' dir='ltr'><strong>male</strong></span> <span class='ocrx_word' id='word_1_35' title='bbox 747 957 879 1042; x_wconf 78' lang='lat' dir='ltr'><strong>cogitat.</strong></span> 
     </span>
     <span class='ocr_line' id='line_1_7' title="bbox 152 1057 1229 1145; baseline -0.004 -22"><span class='ocrx_word' id='word_1_36' title='bbox 152 1059 371 1124; x_wconf 85' lang='lat' dir='ltr'><strong>Malet&#39;acere</strong></span> <span class='ocrx_word' id='word_1_37' title='bbox 394 1057 554 1145; x_wconf 91' lang='lat' dir='ltr'><strong>quivult,</strong></span> <span class='ocrx_word' id='word_1_38' title='bbox 578 1080 754 1144; x_wconf 89' lang='lat' dir='ltr'><strong>numquam</strong></span> <span class='ocrx_word' id='word_1_39' title='bbox 775 1081 840 1122; x_wconf 95' lang='lat' dir='ltr'><strong>non</strong></span> <span class='ocrx_word' id='word_1_40' title='bbox 864 1079 991 1120; x_wconf 85' lang='lat' dir='ltr'><strong>causam</strong></span> <span class='ocrx_word' id='word_1_41' title='bbox 1015 1058 1153 1120; x_wconf 88' lang='lat' dir='ltr'><strong>invenit.</strong></span> <span class='ocrx_word' id='word_1_42' title='bbox 1224 1064 1229 1069; x_wconf 74' lang='grc'><strong>’</strong></span> 
     </span>
     <span class='ocr_line' id='line_1_8' title="bbox 153 1152 872 1246; baseline -0.007 -21"><span class='ocrx_word' id='word_1_43' title='bbox 153 1159 331 1225; x_wconf 87' lang='lat' dir='ltr'><strong>Malivolus</strong></span> <span class='ocrx_word' id='word_1_44' title='bbox 354 1152 480 1246; x_wconf 84' lang='lat' dir='ltr'><strong>semper</strong></span> <span class='ocrx_word' id='word_1_45' title='bbox 502 1182 558 1224; x_wconf 90' lang='lat' dir='ltr'><strong>sua</strong></span> <span class='ocrx_word' id='word_1_46' title='bbox 580 1167 696 1223; x_wconf 88' lang='lat' dir='ltr'><strong>natura</strong></span> <span class='ocrx_word' id='word_1_47' title='bbox 718 1161 872 1224; x_wconf 86' lang='lat' dir='ltr'><strong>vescitur.</strong></span> 
     </span>
     <span class='ocr_line' id='line_1_9' title="bbox 152 1260 929 1346; baseline -0.005 -19"><span class='ocrx_word' id='word_1_48' title='bbox 152 1263 274 1327; x_wconf 88' lang='lat' dir='ltr'><strong>Multos</strong></span> <span class='ocrx_word' id='word_1_49' title='bbox 297 1263 413 1327; x_wconf 90' lang='lat' dir='ltr'><strong>timere</strong></span> <span class='ocrx_word' id='word_1_50' title='bbox 436 1261 544 1342; x_wconf 90' lang='lat' dir='ltr'><strong>debet,</strong></span> <span class='ocrx_word' id='word_1_51' title='bbox 568 1283 664 1346; x_wconf 89' lang='lat' dir='ltr'><strong>quem</strong></span> <span class='ocrx_word' id='word_1_52' title='bbox 686 1260 781 1325; x_wconf 90' lang='lat' dir='ltr'><strong>multi</strong></span> <span class='ocrx_word' id='word_1_53' title='bbox 802 1262 929 1324; x_wconf 90' lang='lat' dir='ltr'><strong>timent.</strong></span> 
     </span>
    </p>

    <p class='ocr_par' dir='ltr' id='par_1_5' title="bbox 77 1346 1029 1450">
     <span class='ocr_line' id='line_1_10' title="bbox 77 1346 1029 1450; baseline -0.002 -22"><span class='ocrx_word' id='word_1_54' title='bbox 77 1440 80 1443; x_wconf 65' lang='lat'><strong>,</strong></span> <span class='ocrx_word' id='word_1_55' title='bbox 125 1434 127 1437; x_wconf 60' lang='grc'>,</span> <span class='ocrx_word' id='word_1_56' title='bbox 152 1346 240 1428; x_wconf 90' lang='lat' dir='ltr'><strong>Male</strong></span> <span class='ocrx_word' id='word_1_57' title='bbox 263 1362 452 1450; x_wconf 90' lang='lat' dir='ltr'><strong>imperando</strong></span> <span class='ocrx_word' id='word_1_58' title='bbox 476 1386 637 1426; x_wconf 87' lang='lat' dir='ltr'><strong>summurn</strong></span> <span class='ocrx_word' id='word_1_59' title='bbox 660 1365 833 1448; x_wconf 90' lang='lat' dir='ltr'><strong>imperium</strong></span> <span class='ocrx_word' id='word_1_60' title='bbox 857 1361 1029 1426; x_wconf 90' lang='lat' dir='ltr'><strong>amittitur.</strong></span> 
     </span>
    </p>

    <p class='ocr_par' dir='ltr' id='par_1_6' title="bbox 57 1462 1014 1955">
     <span class='ocr_line' id='line_1_11' title="bbox 57 1462 1014 1551; baseline -0.006 -20"><span class='ocrx_word' id='word_1_61' title='bbox 57 1474 130 1532; x_wconf 86' lang='grc'><strong>340</strong></span> <span class='ocrx_word' id='word_1_62' title='bbox 152 1465 283 1547; x_wconf 85' lang='lat' dir='ltr'><strong>Mulier,</strong></span> <span class='ocrx_word' id='word_1_63' title='bbox 308 1487 390 1551; x_wconf 90' lang='lat' dir='ltr'><strong>quae</strong></span> <span class='ocrx_word' id='word_1_64' title='bbox 412 1463 523 1528; x_wconf 89' lang='lat' dir='ltr'><strong>multis</strong></span> <span class='ocrx_word' id='word_1_65' title='bbox 547 1465 651 1546; x_wconf 93' lang='lat' dir='ltr'><strong>nubit,</strong></span> <span class='ocrx_word' id='word_1_66' title='bbox 675 1463 785 1528; x_wconf 86' lang='lat' dir='ltr'><strong>multis</strong></span> <span class='ocrx_word' id='word_1_67' title='bbox 808 1488 874 1529; x_wconf 95' lang='lat' dir='ltr'><strong>non</strong></span> <span class='ocrx_word' id='word_1_68' title='bbox 897 1462 1014 1550; x_wconf 88' lang='lat' dir='ltr'><strong>placet.</strong></span> 
     </span>
     <span class='ocr_line' id='line_1_12' title="bbox 152 1564 902 1631; baseline -0.004 -1"><span class='ocrx_word' id='word_1_69' title='bbox 152 1565 330 1630; x_wconf 88' lang='lat' dir='ltr'><strong>Malivolus</strong></span> <span class='ocrx_word' id='word_1_70' title='bbox 351 1567 478 1629; x_wconf 91' lang='lat' dir='ltr'><strong>animus</strong></span> <span class='ocrx_word' id='word_1_71' title='bbox 500 1566 631 1631; x_wconf 87' lang='lat' dir='ltr'><strong>abditos</strong></span> <span class='ocrx_word' id='word_1_72' title='bbox 655 1565 769 1629; x_wconf 89' lang='lat' dir='ltr'><strong>dentes</strong></span> <span class='ocrx_word' id='word_1_73' title='bbox 792 1564 902 1628; x_wconf 85' lang='lat' dir='ltr'><strong>habet.</strong></span> 
     </span>
     <span class='ocr_line' id='line_1_13' title="bbox 152 1667 879 1752; baseline -0.004 -20"><span class='ocrx_word' id='word_1_74' title='bbox 152 1668 318 1732; x_wconf 82' lang='lat' dir='ltr'><strong>Medicina</strong></span> <span class='ocrx_word' id='word_1_75' title='bbox 341 1667 535 1731; x_wconf 84' lang='lat' dir='ltr'><strong>calamitatis</strong></span> <span class='ocrx_word' id='word_1_76' title='bbox 559 1677 608 1731; x_wconf 88' lang='lat' dir='ltr'><strong>cst</strong></span> <span class='ocrx_word' id='word_1_77' title='bbox 630 1668 879 1752; x_wconf 84' lang='lat' dir='ltr'><strong>aequanimitas.</strong></span> 
     </span>
     <span class='ocr_line' id='line_1_14' title="bbox 153 1766 998 1834; baseline -0.005 -1"><span class='ocrx_word' id='word_1_78' title='bbox 153 1769 325 1834; x_wconf 87' lang='lat' dir='ltr'><strong>Muliebris</strong></span> <span class='ocrx_word' id='word_1_79' title='bbox 349 1768 483 1831; x_wconf 89' lang='lat' dir='ltr'><strong>lacrima</strong></span> <span class='ocrx_word' id='word_1_80' title='bbox 506 1768 749 1833; x_wconf 89' lang='lat' dir='ltr'><strong>condimentum</strong></span> <span class='ocrx_word' id='word_1_81' title='bbox 773 1778 821 1831; x_wconf 89' lang='lat' dir='ltr'><strong>est</strong></span> <span class='ocrx_word' id='word_1_82' title='bbox 843 1766 998 1831; x_wconf 89' lang='lat' dir='ltr'><strong>malitiae.</strong></span> 
     </span>
     <span class='ocr_line' id='line_1_15' title="bbox 152 1868 961 1955; baseline -0.006 -18"><span class='ocrx_word' id='word_1_83' title='bbox 152 1872 277 1937; x_wconf 89' lang='lat' dir='ltr'><strong>Metum</strong></span> <span class='ocrx_word' id='word_1_84' title='bbox 298 1872 461 1955; x_wconf 82' lang='lat' dir='ltr'><strong>respicere</strong></span> <span class='ocrx_word' id='word_1_85' title='bbox 484 1893 548 1934; x_wconf 93' lang='lat' dir='ltr'><strong>non</strong></span> <span class='ocrx_word' id='word_1_86' title='bbox 571 1869 653 1934; x_wconf 89' lang='lat' dir='ltr'><strong>solet</strong></span> <span class='ocrx_word' id='word_1_87' title='bbox 676 1868 836 1955; x_wconf 92' lang='lat' dir='ltr'><strong>quidquid</strong></span> <span class='ocrx_word' id='word_1_88' title='bbox 859 1872 961 1933; x_wconf 82' lang='lat' dir='ltr'><strong>iuvat.</strong></span> 
     </span>
    </p>

    <p class='ocr_par' dir='ltr' id='par_1_7' title="bbox 57 1965 1045 2058">
     <span class='ocr_line' id='line_1_16' title="bbox 57 1965 1045 2058; baseline -0.008 -18"><span class='ocrx_word' id='word_1_89' title='bbox 57 1982 128 2040; x_wconf 82' lang='lat'><strong>345</strong></span> <span class='ocrx_word' id='word_1_90' title='bbox 153 1973 241 2038; x_wconf 88' lang='lat' dir='ltr'><strong>Malo</strong></span> <span class='ocrx_word' id='word_1_91' title='bbox 256 1965 363 2036; x_wconf 63' lang='lat' dir='ltr'><strong>&#39;etiarn</strong></span> <span class='ocrx_word' id='word_1_92' title='bbox 385 1994 511 2058; x_wconf 89' lang='lat' dir='ltr'><strong>parcas,</strong></span> <span class='ocrx_word' id='word_1_93' title='bbox 535 1973 563 2035; x_wconf 89' lang='lat' dir='ltr'><strong>si</strong></span> <span class='ocrx_word' id='word_1_94' title='bbox 584 1994 649 2037; x_wconf 86' lang='lat' dir='ltr'><strong>una</strong></span> <span class='ocrx_word' id='word_1_95' title='bbox 672 1981 721 2036; x_wconf 89' lang='lat' dir='ltr'><strong>est</strong></span> <span class='ocrx_word' id='word_1_96' title='bbox 744 1973 907 2058; x_wconf 89' lang='lat' dir='ltr'><strong>periturus</strong></span> <span class='ocrx_word' id='word_1_97' title='bbox 931 1971 1045 2035; x_wconf 73' lang='lat' dir='ltr'><strong>bonus</strong></span> 
     </span>
    </p>

    <p class='ocr_par' dir='ltr' id='par_1_8' title="bbox 94 2073 930 2158">
     <span class='ocr_line' id='line_1_17' title="bbox 94 2073 930 2158; baseline -0.004 -21"><span class='ocrx_word' id='word_1_98' title='bbox 94 2111 99 2121; x_wconf 74' lang='lat'><strong>.</strong></span> <span class='ocrx_word' id='word_1_99' title='bbox 152 2075 310 2158; x_wconf 87' lang='lat' dir='ltr'><strong>Magnum</strong></span> <span class='ocrx_word' id='word_1_100' title='bbox 332 2074 454 2136; x_wconf 88' lang='lat' dir='ltr'><strong>crimen</strong></span> <span class='ocrx_word' id='word_1_101' title='bbox 476 2096 587 2138; x_wconf 87' lang='lat' dir='ltr'><strong>secum</strong></span> <span class='ocrx_word' id='word_1_102' title='bbox 608 2073 716 2136; x_wconf 88' lang='lat' dir='ltr'><strong>adfert</strong></span> <span class='ocrx_word' id='word_1_103' title='bbox 738 2073 930 2157; x_wconf 86' lang='lat' dir='ltr'><strong>indignatio.</strong></span> 
     </span>
    </p>

    <p class='ocr_par' dir='ltr' id='par_1_9' title="bbox 153 2173 968 2261">
     <span class='ocr_line' id='line_1_18' title="bbox 153 2173 968 2261; baseline -0.002 -22"><span class='ocrx_word' id='word_1_104' title='bbox 153 2174 260 2239; x_wconf 86' lang='lat' dir='ltr'><strong>Malus</strong></span> <span class='ocrx_word' id='word_1_105' title='bbox 283 2177 346 2239; x_wconf 86' lang='lat' dir='ltr'><strong>etsi</strong></span> <span class='ocrx_word' id='word_1_106' title='bbox 368 2173 484 2239; x_wconf 83' lang='lat' dir='ltr'><strong>obesse</strong></span> <span class='ocrx_word' id='word_1_107' title='bbox 507 2197 572 2240; x_wconf 94' lang='lat' dir='ltr'><strong>non</strong></span> <span class='ocrx_word' id='word_1_108' title='bbox 593 2184 680 2261; x_wconf 91' lang='lat' dir='ltr'><strong>pote,</strong></span> <span class='ocrx_word' id='word_1_109' title='bbox 704 2185 813 2238; x_wconf 86' lang='lat' dir='ltr'><strong>tamen</strong></span> <span class='ocrx_word' id='word_1_110' title='bbox 836 2175 968 2258; x_wconf 90' lang='lat' dir='ltr'><strong>cogitat.</strong></span> 
     </span>
    </p>
   </div>
   <div class='ocr_carea' id='block_1_3' title="bbox 61 2444 1034 2559">
    <p class='ocr_par' dir='ltr' id='par_1_10' title="bbox 61 2444 1034 2559">
     <span class='ocr_line' id='line_1_19' title="bbox 61 2444 1034 2559; baseline -0.004 -13"><span class='ocrx_word' id='word_1_111' title='bbox 61 2444 1034 2559; x_wconf 47' lang='lat' dir='ltr'><strong>umffiumamummmaimnmamm</strong></span> 
     </span>
    </p>
   </div>
   <div class='ocr_carea' id='block_1_4' title="bbox 1 2638 1279 4498">
    <p class='ocr_par' dir='ltr' id='par_1_11' title="bbox 1 2638 1279 4498">
     <span class='ocr_line' id='line_1_20' title="bbox 153 2638 1213 2717; baseline 0 -21"><span class='ocrx_word' id='word_1_112' title='bbox 153 2641 212 2697; x_wconf 82' lang='lat'><strong>331</strong></span> <span class='ocrx_word' id='word_1_113' title='bbox 239 2640 283 2713; x_wconf 79' lang='lat' dir='ltr'><strong>Os.</strong></span> <span class='ocrx_word' id='word_1_114' title='bbox 301 2661 326 2698; x_wconf 87' lang='lat' dir='ltr'><strong>o.</strong></span> <span class='ocrx_word' id='word_1_115' title='bbox 344 2641 404 2696; x_wconf 90' lang='grc'><strong>252</strong></span> <span class='ocrx_word' id='word_1_116' title='bbox 492 2640 661 2702; x_wconf 82' lang='lat' dir='ltr'><strong>maledictum</strong></span> <span class='ocrx_word' id='word_1_117' title='bbox 678 2638 1005 2711; x_wconf 83' lang='lat' dir='ltr'><strong>maleinterpretaudoC</strong></span> <span class='ocrx_word' id='word_1_118' title='bbox 1021 2712 1027 2717; x_wconf 26' lang='lat'>⁵</span> <span class='ocrx_word' id='word_1_119' title='bbox 1082 2638 1164 2694; x_wconf 83' lang='lat' dir='ltr'><strong>facies</strong></span> <span class='ocrx_word' id='word_1_120' title='bbox 1183 2640 1213 2711; x_wconf 82' lang='lat' dir='ltr'><strong>C,</strong></span> 
     </span>
     <span class='ocr_line' id='line_1_21' title="bbox 62 2724 1109 2799; baseline -0.003 -17"><span class='ocrx_word' id='word_1_121' title='bbox 62 2729 210 2782; x_wconf 81' lang='lat' dir='ltr'><strong>Erasmus</strong></span> <span class='ocrx_word' id='word_1_122' title='bbox 316 2727 407 2799; x_wconf 86' lang='lat' dir='ltr'><strong>agrius</strong></span> <span class='ocrx_word' id='word_1_123' title='bbox 424 2727 450 2780; x_wconf 89' lang='lat' dir='ltr'><em>P</em></span> <span class='ocrx_word' id='word_1_124' title='bbox 556 2724 617 2781; x_wconf 89' lang='grc'><strong>332</strong></span> <span class='ocrx_word' id='word_1_125' title='bbox 640 2740 721 2798; x_wconf 82' lang='lat' dir='ltr'><strong>aeger</strong></span> <span class='ocrx_word' id='word_1_126' title='bbox 743 2742 795 2779; x_wconf 88' lang='lat' dir='ltr'><strong>om.</strong></span> <span class='ocrx_word' id='word_1_127' title='bbox 818 2726 880 2779; x_wconf 78' lang='lat' dir='ltr'><strong>eorl.</strong></span> <span class='ocrx_word' id='word_1_128' title='bbox 900 2724 1109 2781; x_wconf 78' lang='lat' dir='ltr'><strong>Panthuleonis</strong></span> 
     </span>
     <span class='ocr_line' id='line_1_22' title="bbox 63 2805 1213 2884; baseline -0.002 -16"><span class='ocrx_word' id='word_1_129' title='bbox 63 2812 129 2868; x_wconf 90' lang='grc'><strong>333</strong></span> <span class='ocrx_word' id='word_1_130' title='bbox 153 2811 278 2866; x_wconf 87' lang='lat' dir='ltr'><strong>celeriter</strong></span> <span class='ocrx_word' id='word_1_131' title='bbox 292 2821 408 2884; x_wconf 82' lang='lat' dir='ltr'><strong>negatur</strong></span> <span class='ocrx_word' id='word_1_132' title='bbox 427 2812 472 2867; x_wconf 83' lang='lat' dir='ltr'><strong>Tc</strong></span> <span class='ocrx_word' id='word_1_133' title='bbox 563 2809 624 2866; x_wconf 77' lang='grc'><strong>334</strong></span> <span class='ocrx_word' id='word_1_134' title='bbox 646 2810 754 2864; x_wconf 86' lang='lat' dir='ltr'><strong>inritata</strong></span> <span class='ocrx_word' id='word_1_135' title='bbox 778 2805 863 2882; x_wconf 85' lang='lat' dir='ltr'><strong>(quod</strong></span> <span class='ocrx_word' id='word_1_136' title='bbox 871 2827 930 2880; x_wconf 79' lang='lat' dir='ltr'><strong>pro</strong></span> <span class='ocrx_word' id='word_1_137' title='bbox 946 2813 1119 2866; x_wconf 82' lang='lat' dir='ltr'><strong>nominativo</strong></span> <span class='ocrx_word' id='word_1_138' title='bbox 1136 2815 1213 2866; x_wconf 83' lang='lat' dir='ltr'><strong>ucci-</strong></span> 
     </span>
     <span class='ocr_line' id='line_1_23' title="bbox 62 2891 1213 2968; baseline -0.002 -16"><span class='ocrx_word' id='word_1_139' title='bbox 62 2895 127 2968; x_wconf 84' lang='lat' dir='ltr'><strong>pio)</strong></span> <span class='ocrx_word' id='word_1_140' title='bbox 143 2896 293 2951; x_wconf 77' lang='lat' dir='ltr'><strong>Pithoeus:</strong></span> <span class='ocrx_word' id='word_1_141' title='bbox 316 2912 376 2950; x_wconf 92' lang='lat' dir='ltr'><strong>cum</strong></span> <span class='ocrx_word' id='word_1_142' title='bbox 396 2897 523 2951; x_wconf 86' lang='lat' dir='ltr'><strong>inritatur</strong></span> <span class='ocrx_word' id='word_1_143' title='bbox 538 2896 606 2967; x_wconf 87' lang='lat' dir='ltr'><strong>PR,</strong></span> <span class='ocrx_word' id='word_1_144' title='bbox 631 2911 691 2949; x_wconf 86' lang='lat' dir='ltr'><strong>cum</strong></span> <span class='ocrx_word' id='word_1_145' title='bbox 706 2895 828 2949; x_wconf 86' lang='lat' dir='ltr'><strong>irritatur</strong></span> <span class='ocrx_word' id='word_1_146' title='bbox 843 2891 907 2965; x_wconf 83' lang='lat' dir='ltr'><strong>FC,</strong></span> <span class='ocrx_word' id='word_1_147' title='bbox 923 2911 984 2949; x_wconf 83' lang='lat' dir='ltr'><strong>curn</strong></span> <span class='ocrx_word' id='word_1_148' title='bbox 998 2896 1136 2967; x_wconf 82' lang='lat' dir='ltr'><strong>irrogatur</strong></span> <span class='ocrx_word' id='word_1_149' title='bbox 1151 2898 1213 2950; x_wconf 81' lang='lat' dir='ltr'><strong>eod.</strong></span> 
     </span>
     <span class='ocr_line' id='line_1_24' title="bbox 64 2977 1279 3053; baseline 0.001 -17"><span class='ocrx_word' id='word_1_150' title='bbox 64 2981 294 3044; x_wconf 78' lang='lat' dir='ltr'><strong>Ponthuleonis;</strong></span> <span class='ocrx_word' id='word_1_151' title='bbox 317 2997 377 3035; x_wconf 90' lang='lat' dir='ltr'><strong>cum</strong></span> <span class='ocrx_word' id='word_1_152' title='bbox 398 2981 489 3036; x_wconf 87' lang='lat' dir='ltr'><strong>irrites</strong></span> <span class='ocrx_word' id='word_1_153' title='bbox 505 2981 648 3035; x_wconf 80' lang='lat' dir='ltr'><strong>Erasmus</strong></span> <span class='ocrx_word' id='word_1_154' title='bbox 735 2979 795 3035; x_wconf 84' lang='lat'><strong>335</strong></span> <span class='ocrx_word' id='word_1_155' title='bbox 821 2977 843 3032; x_wconf 82' lang='lat' dir='ltr'><strong><em>C</em></strong></span> <span class='ocrx_word' id='word_1_156' title='bbox 871 2979 948 3034; x_wconf 79' lang='lat' dir='ltr'><strong>Vino.</strong></span> <span class='ocrx_word' id='word_1_157' title='bbox 971 2980 1045 3036; x_wconf 83' lang='lat' dir='ltr'><strong>Bell.</strong></span> <span class='ocrx_word' id='word_1_158' title='bbox 1068 2982 1160 3053; x_wconf 57' lang='lat' dir='ltr'><strong>aad.</strong></span> <span class='ocrx_word' id='word_1_159' title='bbox 1184 2980 1214 3052; x_wconf 83' lang='lat'><strong>5,</strong></span> <span class='ocrx_word' id='word_1_160' title='bbox 1272 3018 1279 3024; x_wconf 93' lang='lat'><em>-</em></span> 
     </span>
     <span class='ocr_line' id='line_1_25' title="bbox 67 3064 1214 3138; baseline -0.003 -17"><span class='ocrx_word' id='word_1_161' title='bbox 67 3066 127 3136; x_wconf 92' lang='grc'>10,</span> <span class='ocrx_word' id='word_1_162' title='bbox 148 3081 192 3136; x_wconf 82' lang='lat' dir='ltr'><strong>sp.</strong></span> <span class='ocrx_word' id='word_1_163' title='bbox 215 3084 243 3121; x_wconf 86' lang='lat' dir='ltr'><strong>u.</strong></span> <span class='ocrx_word' id='word_1_164' title='bbox 267 3065 401 3136; x_wconf 84' lang='lat'><strong>31,115</strong></span> <span class='ocrx_word' id='word_1_165' title='bbox 489 3065 549 3121; x_wconf 85' lang='grc'><strong>336</strong></span> <span class='ocrx_word' id='word_1_166' title='bbox 573 3080 718 3138; x_wconf 83' lang='lat' dir='ltr'><strong>numquam</strong></span> <span class='ocrx_word' id='word_1_167' title='bbox 745 3081 800 3119; x_wconf 91' lang='lat' dir='ltr'><strong>non</strong></span> <span class='ocrx_word' id='word_1_168' title='bbox 820 3081 845 3119; x_wconf 92' lang='lat' dir='ltr'><strong>c.</strong></span> <span class='ocrx_word' id='word_1_169' title='bbox 867 3064 896 3135; x_wconf 91' lang='lat' dir='ltr'><strong>i.,</strong></span> <span class='ocrx_word' id='word_1_170' title='bbox 923 3067 1018 3120; x_wconf 82' lang='lat' dir='ltr'><strong>addito</strong></span> <span class='ocrx_word' id='word_1_171' title='bbox 1043 3064 1087 3119; x_wconf 89' lang='lat' dir='ltr'><strong>alii</strong></span> <span class='ocrx_word' id='word_1_172' title='bbox 1108 3081 1214 3119; x_wconf 86' lang='lat' dir='ltr'><strong>causam</strong></span> 
     </span>
     <span class='ocr_line' id='line_1_26' title="bbox 64 3150 1214 3222; baseline -0.001 -16"><span class='ocrx_word' id='word_1_173' title='bbox 64 3166 214 3222; x_wconf 83' lang='lat' dir='ltr'><strong>numquam</strong></span> <span class='ocrx_word' id='word_1_174' title='bbox 235 3151 337 3205; x_wconf 81' lang='lat' dir='ltr'><strong>Invenit</strong></span> <span class='ocrx_word' id='word_1_175' title='bbox 351 3151 408 3206; x_wconf 83' lang='lat' dir='ltr'><strong>Pb:</strong></span> <span class='ocrx_word' id='word_1_176' title='bbox 432 3166 564 3222; x_wconf 85' lang='lat' dir='ltr'><strong>nusquam</strong></span> <span class='ocrx_word' id='word_1_177' title='bbox 579 3166 635 3204; x_wconf 93' lang='lat' dir='ltr'><strong>non</strong></span> <span class='ocrx_word' id='word_1_178' title='bbox 650 3152 679 3205; x_wconf 86' lang='lat' dir='ltr'><em>F</em></span> <span class='ocrx_word' id='word_1_179' title='bbox 692 3150 849 3218; x_wconf 80' lang='lat' dir='ltr'><strong>Erasmus,</strong></span> <span class='ocrx_word' id='word_1_180' title='bbox 872 3166 1019 3222; x_wconf 88' lang='lat' dir='ltr'><strong>numquam</strong></span> <span class='ocrx_word' id='word_1_181' title='bbox 1033 3150 1123 3219; x_wconf 86' lang='lat' dir='ltr'><strong>PuR,</strong></span> <span class='ocrx_word' id='word_1_182' title='bbox 1145 3167 1214 3205; x_wconf 91' lang='lat' dir='ltr'><strong>non·</strong></span> 
     </span>
     <span class='ocr_line' id='line_1_27' title="bbox 64 3232 1119 3308; baseline -0.002 -18"><span class='ocrx_word' id='word_1_183' title='bbox 64 3251 205 3308; x_wconf 91' lang='lat' dir='ltr'><strong>nunquam</strong></span> <span class='ocrx_word' id='word_1_184' title='bbox 230 3235 307 3291; x_wconf 81' lang='lat' dir='ltr'><strong>Vinc.</strong></span> <span class='ocrx_word' id='word_1_185' title='bbox 325 3235 399 3292; x_wconf 85' lang='lat' dir='ltr'><strong>Bell.</strong></span> <span class='ocrx_word' id='word_1_186' title='bbox 416 3253 458 3306; x_wconf 81' lang='lat' dir='ltr'><strong>sp.</strong></span> <span class='ocrx_word' id='word_1_187' title='bbox 475 3236 502 3290; x_wconf 83' lang='lat' dir='ltr'><strong>cl.</strong></span> <span class='ocrx_word' id='word_1_188' title='bbox 519 3233 555 3304; x_wconf 82' lang='lat'><strong>4,</strong></span> <span class='ocrx_word' id='word_1_189' title='bbox 573 3235 644 3306; x_wconf 87' lang='grc'>106,</span> <span class='ocrx_word' id='word_1_190' title='bbox 660 3235 721 3308; x_wconf 90' lang='lat' dir='ltr'><strong>plus</strong></span> <span class='ocrx_word' id='word_1_191' title='bbox 738 3251 817 3307; x_wconf 83' lang='lat' dir='ltr'><strong>quam</strong></span> <span class='ocrx_word' id='word_1_192' title='bbox 834 3250 888 3289; x_wconf 90' lang='lat' dir='ltr'><strong>non</strong></span> <span class='ocrx_word' id='word_1_193' title='bbox 904 3234 961 3290; x_wconf 83' lang='lat' dir='ltr'><strong>vult</strong></span> <span class='ocrx_word' id='word_1_194' title='bbox 976 3235 1078 3289; x_wconf 88' lang='lat' dir='ltr'><strong>iuvenit</strong></span> <span class='ocrx_word' id='word_1_195' title='bbox 1097 3232 1119 3288; x_wconf 85' lang='lat' dir='ltr'><em>C</em></span> 
     </span>
     <span class='ocr_line' id='line_1_28' title="bbox 65 3318 1213 3390; baseline -0.001 -14"><span class='ocrx_word' id='word_1_196' title='bbox 65 3320 129 3376; x_wconf 83' lang='lat'><strong>337</strong></span> <span class='ocrx_word' id='word_1_197' title='bbox 153 3321 287 3374; x_wconf 85' lang='lat' dir='ltr'><strong>nascitura</strong></span> <span class='ocrx_word' id='word_1_198' title='bbox 300 3320 344 3374; x_wconf 82' lang='lat' dir='ltr'><strong>Pb</strong></span> <span class='ocrx_word' id='word_1_199' title='bbox 440 3326 565 3375; x_wconf 88' lang='lat' dir='ltr'><strong>vescetur</strong></span> <span class='ocrx_word' id='word_1_200' title='bbox 579 3321 615 3390; x_wconf 82' lang='lat' dir='ltr'><strong>F,</strong></span> <span class='ocrx_word' id='word_1_201' title='bbox 632 3320 745 3374; x_wconf 85' lang='lat' dir='ltr'><strong>vestitus</strong></span> <span class='ocrx_word' id='word_1_202' title='bbox 763 3319 785 3374; x_wconf 82' lang='lat' dir='ltr'><em>C</em></span> <span class='ocrx_word' id='word_1_203' title='bbox 883 3318 943 3375; x_wconf 81' lang='lat'><strong>338</strong></span> <span class='ocrx_word' id='word_1_204' title='bbox 968 3320 1074 3376; x_wconf 82' lang='lat' dir='ltr'><strong>Similis</strong></span> <span class='ocrx_word' id='word_1_205' title='bbox 1091 3326 1133 3375; x_wconf 85' lang='lat' dir='ltr'><strong>est</strong></span> <span class='ocrx_word' id='word_1_206' title='bbox 1149 3335 1213 3375; x_wconf 87' lang='lat' dir='ltr'><strong>uer-</strong></span> 
     </span>
     <span class='ocr_line' id='line_1_29' title="bbox 65 3403 1213 3477; baseline -0.003 -16"><span class='ocrx_word' id='word_1_207' title='bbox 65 3422 119 3461; x_wconf 80' lang='lat' dir='ltr'><strong>sus</strong></span> <span class='ocrx_word' id='word_1_208' title='bbox 134 3404 261 3473; x_wconf 74' lang='lat' dir='ltr'><strong>leberii,</strong></span> <span class='ocrx_word' id='word_1_209' title='bbox 285 3420 367 3476; x_wconf 85' lang='lat' dir='ltr'><strong>quem</strong></span> <span class='ocrx_word' id='word_1_210' title='bbox 389 3409 417 3461; x_wconf 85' lang='lat' dir='ltr'><strong>in</strong></span> <span class='ocrx_word' id='word_1_211' title='bbox 434 3404 588 3460; x_wconf 80' lang='lat' dir='ltr'><strong>Gaesarem</strong></span> <span class='ocrx_word' id='word_1_212' title='bbox 603 3406 708 3477; x_wconf 78' lang='lat' dir='ltr'><strong>dictum</strong></span> <span class='ocrx_word' id='word_1_213' title='bbox 727 3406 855 3475; x_wconf 80' lang='lat' dir='ltr'><strong>populus</strong></span> <span class='ocrx_word' id='word_1_214' title='bbox 875 3408 1003 3475; x_wconf 85' lang='lat' dir='ltr'><strong>occepit,</strong></span> <span class='ocrx_word' id='word_1_215' title='bbox 1027 3403 1134 3474; x_wconf 86' lang='lat' dir='ltr'><strong>(Macr.</strong></span> <span class='ocrx_word' id='word_1_216' title='bbox 1151 3404 1213 3460; x_wconf 81' lang='lat' dir='ltr'><strong>Sul.</strong></span> 
     </span>
     <span class='ocr_line' id='line_1_30' title="bbox 66 3487 1212 3561; baseline -0.001 -17"><span class='ocrx_word' id='word_1_217' title='bbox 66 3490 98 3560; x_wconf 91' lang='grc'><strong>2,</strong></span> <span class='ocrx_word' id='word_1_218' title='bbox 117 3490 144 3558; x_wconf 84' lang='grc'>7,</span> <span class='ocrx_word' id='word_1_219' title='bbox 161 3487 191 3560; x_wconf 80' lang='grc'><strong>4)</strong></span> <span class='ocrx_word' id='word_1_220' title='bbox 207 3489 333 3544; x_wconf 75' lang='lat' dir='ltr'><strong>‘Necesse</strong></span> <span class='ocrx_word' id='word_1_221' title='bbox 349 3498 390 3545; x_wconf 88' lang='lat' dir='ltr'><strong>est</strong></span> <span class='ocrx_word' id='word_1_222' title='bbox 407 3490 506 3545; x_wconf 81' lang='lat' dir='ltr'><strong>mullos</strong></span> <span class='ocrx_word' id='word_1_223' title='bbox 522 3491 629 3560; x_wconf 82' lang='lat' dir='ltr'><strong>timeat,</strong></span> <span class='ocrx_word' id='word_1_224' title='bbox 651 3504 731 3561; x_wconf 90' lang='lat' dir='ltr'><strong>quem</strong></span> <span class='ocrx_word' id='word_1_225' title='bbox 747 3487 825 3543; x_wconf 82' lang='lat' dir='ltr'><strong>multi</strong></span> <span class='ocrx_word' id='word_1_226' title='bbox 841 3488 957 3543; x_wconf 84' lang='lat' dir='ltr'><strong>liment&#39;.</strong></span> <span class='ocrx_word' id='word_1_227' title='bbox 976 3540 978 3544; x_wconf 82' lang='lat'><strong>.</strong></span> <span class='ocrx_word' id='word_1_228' title='bbox 1003 3488 1047 3559; x_wconf 83' lang='lat' dir='ltr'><strong>Cf.</strong></span> <span class='ocrx_word' id='word_1_229' title='bbox 1073 3489 1167 3544; x_wconf 85' lang='lat' dir='ltr'><strong>Vellei.</strong></span> <span class='ocrx_word' id='word_1_230' title='bbox 1185 3488 1212 3558; x_wconf 92' lang='grc'><strong>2,</strong></span> 
     </span>
     <span class='ocr_line' id='line_1_31' title="bbox 65 3568 1214 3646; baseline -0.003 -15"><span class='ocrx_word' id='word_1_231' title='bbox 65 3575 108 3631; x_wconf 81' lang='grc'><strong>57</strong></span> <span class='ocrx_word' id='word_1_232' title='bbox 125 3576 160 3629; x_wconf 87' lang='lat' dir='ltr'><strong>de</strong></span> <span class='ocrx_word' id='word_1_233' title='bbox 177 3574 304 3629; x_wconf 78' lang='lat' dir='ltr'><strong>Caesare</strong></span> <span class='ocrx_word' id='word_1_234' title='bbox 327 3574 407 3629; x_wconf 71' lang='lat' dir='ltr'><strong>‘mori</strong></span> <span class='ocrx_word' id='word_1_235' title='bbox 429 3591 458 3630; x_wconf 92' lang='lat' dir='ltr'><strong>se</strong></span> <span class='ocrx_word' id='word_1_236' title='bbox 475 3591 554 3646; x_wconf 88' lang='lat' dir='ltr'><strong>quam</strong></span> <span class='ocrx_word' id='word_1_237' title='bbox 570 3568 670 3628; x_wconf 79' lang='lat' dir='ltr'><strong>&#39;timere</strong></span> <span class='ocrx_word' id='word_1_238' title='bbox 685 3572 777 3642; x_wconf 86' lang='lat' dir='ltr'><strong>velle’,</strong></span> <span class='ocrx_word' id='word_1_239' title='bbox 798 3573 874 3628; x_wconf 88' lang='lat' dir='ltr'><strong>Plul.</strong></span> <span class='ocrx_word' id='word_1_240' title='bbox 892 3572 973 3628; x_wconf 82' lang='lat' dir='ltr'><strong>Caes.</strong></span> <span class='ocrx_word' id='word_1_241' title='bbox 991 3573 1040 3628; x_wconf 82' lang='lat'><strong>57.</strong></span> <span class='ocrx_word' id='word_1_242' title='bbox 1095 3573 1214 3629; x_wconf 81' lang='lat' dir='ltr'><strong>Versum</strong></span> 
     </span>
     <span class='ocr_line' id='line_1_32' title="bbox 64 3655 1212 3728; baseline -0.003 -13"><span class='ocrx_word' id='word_1_243' title='bbox 64 3661 263 3715; x_wconf 79' lang='lat' dir='ltr'><strong>Laberianum</strong></span> <span class='ocrx_word' id='word_1_244' title='bbox 278 3659 400 3716; x_wconf 82' lang='lat' dir='ltr'><strong>Publilio</strong></span> <span class='ocrx_word' id='word_1_245' title='bbox 422 3660 519 3714; x_wconf 80' lang='lat' dir='ltr'><strong>tribuit</strong></span> <span class='ocrx_word' id='word_1_246' title='bbox 534 3661 663 3714; x_wconf 82' lang='lat' dir='ltr'><strong>Jouuues</strong></span> <span class='ocrx_word' id='word_1_247' title='bbox 678 3658 797 3715; x_wconf 82' lang='lat' dir='ltr'><strong>Suresb.</strong></span> <span class='ocrx_word' id='word_1_248' title='bbox 812 3658 918 3713; x_wconf 86' lang='lat' dir='ltr'><strong>Policr.</strong></span> <span class='ocrx_word' id='word_1_249' title='bbox 935 3657 971 3728; x_wconf 83' lang='lat'><strong>8,</strong></span> <span class='ocrx_word' id='word_1_250' title='bbox 989 3655 1037 3712; x_wconf 87' lang='grc'><strong>14.</strong></span> <span class='ocrx_word' id='word_1_251' title='bbox 1082 3658 1126 3713; x_wconf 86' lang='lat' dir='ltr'><strong>De</strong></span> <span class='ocrx_word' id='word_1_252' title='bbox 1141 3677 1212 3714; x_wconf 91' lang='lat' dir='ltr'><strong>mor.</strong></span> 
     </span>
     <span class='ocr_line' id='line_1_33' title="bbox 67 3740 1211 3815; baseline -0.001 -16"><span class='ocrx_word' id='word_1_253' title='bbox 67 3744 109 3800; x_wconf 88' lang='grc'><strong>62</strong></span> <span class='ocrx_word' id='word_1_254' title='bbox 134 3742 195 3810; x_wconf 74' lang='lat' dir='ltr'><strong>‘Qui</strong></span> <span class='ocrx_word' id='word_1_255' title='bbox 216 3760 230 3797; x_wconf 90' lang='lat' dir='ltr'><strong>a</strong></span> <span class='ocrx_word' id='word_1_256' title='bbox 252 3740 342 3798; x_wconf 79' lang='lat' dir='ltr'><strong>inultis</strong></span> <span class='ocrx_word' id='word_1_257' title='bbox 365 3746 490 3815; x_wconf 84' lang='lat' dir='ltr'><strong>limetur,</strong></span> <span class='ocrx_word' id='word_1_258' title='bbox 518 3743 740 3814; x_wconf 85' lang='lat' dir='ltr'><strong>multos.timet’,</strong></span> <span class='ocrx_word' id='word_1_259' title='bbox 769 3743 877 3798; x_wconf 81' lang='lat' dir='ltr'><strong>Aaron.</strong></span> <span class='ocrx_word' id='word_1_260' title='bbox 907 3742 964 3799; x_wconf 83' lang='lat' dir='ltr'><strong>VII</strong></span> <span class='ocrx_word' id='word_1_261' title='bbox 983 3742 1053 3814; x_wconf 81' lang='lat' dir='ltr'><strong>Sap.</strong></span> <span class='ocrx_word' id='word_1_262' title='bbox 1075 3744 1211 3800; x_wconf 79' lang='lat' dir='ltr'><strong>Periuurl.</strong></span> 
     </span>
     <span class='ocr_line' id='line_1_34' title="bbox 65 3821 1213 3901; baseline 0.001 -19"><span class='ocrx_word' id='word_1_263' title='bbox 65 3827 171 3883; x_wconf 72' lang='lat' dir='ltr'><strong>‘Multis</strong></span> <span class='ocrx_word' id='word_1_264' title='bbox 194 3827 320 3882; x_wconf 87' lang='lat' dir='ltr'><strong>terribilis</strong></span> <span class='ocrx_word' id='word_1_265' title='bbox 343 3830 437 3884; x_wconf 87' lang='lat' dir='ltr'><strong>timeto</strong></span> <span class='ocrx_word' id='word_1_266' title='bbox 458 3829 584 3900; x_wconf 89' lang='lat' dir='ltr'><strong>multos&#39;,</strong></span> <span class='ocrx_word' id='word_1_267' title='bbox 606 3830 692 3885; x_wconf 85' lang='lat' dir='ltr'><strong>Solon</strong></span> <span class='ocrx_word' id='word_1_268' title='bbox 715 3846 762 3898; x_wconf 82' lang='lat' dir='ltr'><strong>up.</strong></span> <span class='ocrx_word' id='word_1_269' title='bbox 779 3828 881 3883; x_wconf 78' lang='lat' dir='ltr'><strong>Aulon.</strong></span> <span class='ocrx_word' id='word_1_270' title='bbox 904 3827 1011 3884; x_wconf 83' lang='lat' dir='ltr'><strong>Meliss.</strong></span> <span class='ocrx_word' id='word_1_271' title='bbox 1034 3844 1119 3884; x_wconf 85' lang='lat' dir='ltr'><strong>serm.</strong></span> <span class='ocrx_word' id='word_1_272' title='bbox 1144 3821 1213 3901; x_wconf 78' lang='grc' dir='ltr'><strong><em>περὶ</em></strong></span> 
     </span>
     <span class='ocr_line' id='line_1_35' title="bbox 64 3898 1212 3990; baseline 0.002 -23"><span class='ocrx_word' id='word_1_273' title='bbox 64 3898 740 3990; x_wconf 49' lang='lat' dir='ltr'><strong>mmmmmwfflffl</strong></span> <span class='ocrx_word' id='word_1_274' title='bbox 834 3911 1212 3970; x_wconf 60' lang='lat' dir='ltr'><strong>mmmmm</strong></span> 
     </span>
     <span class='ocr_line' id='line_1_36' title="bbox 64 3996 1214 4070; baseline -0.001 -15"><span class='ocrx_word' id='word_1_275' title='bbox 64 4001 107 4055; x_wconf 88' lang='lat' dir='ltr'><strong>F:</strong></span> <span class='ocrx_word' id='word_1_276' title='bbox 123 3996 207 4053; x_wconf 88' lang='lat' dir='ltr'><strong>nubet</strong></span> <span class='ocrx_word' id='word_1_277' title='bbox 222 3997 274 4053; x_wconf 84' lang='lat' dir='ltr'><strong>PR</strong></span> <span class='ocrx_word' id='word_1_278' title='bbox 283 4022 292 4061; x_wconf 90' lang='lat'><em>;</em></span> <span class='ocrx_word' id='word_1_279' title='bbox 314 3997 391 4054; x_wconf 86' lang='lat' dir='ltr'><strong>nubit</strong></span> <span class='ocrx_word' id='word_1_280' title='bbox 406 3999 513 4069; x_wconf 85' lang='lat' dir='ltr'><strong>multis,</strong></span> <span class='ocrx_word' id='word_1_281' title='bbox 538 3998 628 4054; x_wconf 85' lang='lat' dir='ltr'><strong>multis</strong></span> <span class='ocrx_word' id='word_1_282' title='bbox 645 4015 700 4053; x_wconf 90' lang='lat' dir='ltr'><strong>uon</strong></span> <span class='ocrx_word' id='word_1_283' title='bbox 716 3997 803 4070; x_wconf 84' lang='lat' dir='ltr'><strong>placet</strong></span> <span class='ocrx_word' id='word_1_284' title='bbox 819 3999 961 4054; x_wconf 81' lang='lat' dir='ltr'><strong>Erasmus</strong></span> <span class='ocrx_word' id='word_1_285' title='bbox 1016 4021 1018 4025; x_wconf 94' lang='lat'>·</span> <span class='ocrx_word' id='word_1_286' title='bbox 1048 3997 1108 4054; x_wconf 91' lang='grc'><strong>341</strong></span> <span class='ocrx_word' id='word_1_287' title='bbox 1134 4000 1214 4054; x_wconf 87' lang='lat' dir='ltr'><strong>mule·</strong></span> 
     </span>
     <span class='ocr_line' id='line_1_37' title="bbox 64 4080 1212 4155; baseline 0 -18"><span class='ocrx_word' id='word_1_288' title='bbox 64 4083 146 4138; x_wconf 87' lang='lat' dir='ltr'><strong>volus</strong></span> <span class='ocrx_word' id='word_1_289' title='bbox 163 4084 287 4139; x_wconf 82' lang='lat' dir='ltr'><strong>editores</strong></span> <span class='ocrx_word' id='word_1_290' title='bbox 373 4080 433 4139; x_wconf 87' lang='grc'><strong>342</strong></span> <span class='ocrx_word' id='word_1_291' title='bbox 458 4084 503 4155; x_wconf 84' lang='lat' dir='ltr'><strong>Cf.</strong></span> <span class='ocrx_word' id='word_1_292' title='bbox 521 4103 545 4140; x_wconf 88' lang='lat' dir='ltr'><strong>r.</strong></span> <span class='ocrx_word' id='word_1_293' title='bbox 564 4083 623 4140; x_wconf 83' lang='grc'><strong>657</strong></span> <span class='ocrx_word' id='word_1_294' title='bbox 711 4081 772 4139; x_wconf 92' lang='grc'><strong>343</strong></span> <span class='ocrx_word' id='word_1_295' title='bbox 796 4099 819 4137; x_wconf 91' lang='lat' dir='ltr'><strong>c.</strong></span> <span class='ocrx_word' id='word_1_296' title='bbox 835 4099 870 4137; x_wconf 90' lang='lat' dir='ltr'><strong>m.</strong></span> <span class='ocrx_word' id='word_1_297' title='bbox 887 4092 929 4138; x_wconf 83' lang='lat' dir='ltr'><strong>est</strong></span> <span class='ocrx_word' id='word_1_298' title='bbox 946 4085 1061 4154; x_wconf 85' lang='lat' dir='ltr'><strong>Gruter,</strong></span> <span class='ocrx_word' id='word_1_299' title='bbox 1081 4089 1123 4137; x_wconf 83' lang='lat' dir='ltr'><strong>est</strong></span> <span class='ocrx_word' id='word_1_300' title='bbox 1138 4101 1161 4139; x_wconf 90' lang='lat' dir='ltr'><strong>c.</strong></span> <span class='ocrx_word' id='word_1_301' title='bbox 1177 4100 1212 4138; x_wconf 89' lang='lat' dir='ltr'><strong>m.</strong></span> 
     </span>
     <span class='ocr_line' id='line_1_38' title="bbox 63 4166 1212 4241; baseline -0.002 -17"><span class='ocrx_word' id='word_1_302' title='bbox 63 4169 162 4224; x_wconf 75' lang='lat' dir='ltr'><strong>Bothe</strong></span> <span class='ocrx_word' id='word_1_303' title='bbox 249 4166 309 4224; x_wconf 89' lang='grc'><strong>344</strong></span> <span class='ocrx_word' id='word_1_304' title='bbox 332 4167 429 4223; x_wconf 84' lang='lat' dir='ltr'><strong>Melam</strong></span> <span class='ocrx_word' id='word_1_305' title='bbox 445 4169 559 4241; x_wconf 74' lang='lat' dir='ltr'><strong>Mihly,</strong></span> <span class='ocrx_word' id='word_1_306' title='bbox 583 4168 799 4240; x_wconf 73' lang='lat' dir='ltr'><strong>metusMeyer.</strong></span> <span class='ocrx_word' id='word_1_307' title='bbox 845 4168 890 4239; x_wconf 82' lang='lat' dir='ltr'><strong>Cf.</strong></span> <span class='ocrx_word' id='word_1_308' title='bbox 908 4169 974 4224; x_wconf 86' lang='lat' dir='ltr'><strong>Ser.</strong></span> <span class='ocrx_word' id='word_1_309' title='bbox 997 4170 1032 4224; x_wconf 84' lang='lat' dir='ltr'><strong>de</strong></span> <span class='ocrx_word' id='word_1_310' title='bbox 1053 4172 1098 4223; x_wconf 87' lang='lat' dir='ltr'><strong>ira</strong></span> <span class='ocrx_word' id='word_1_311' title='bbox 1116 4167 1145 4239; x_wconf 91' lang='grc'><strong>2,</strong></span> <span class='ocrx_word' id='word_1_312' title='bbox 1162 4168 1212 4238; x_wconf 87' lang='grc'><strong>31,</strong></span> 
     </span>
     <span class='ocr_line' id='line_1_39' title="bbox 64 4251 1106 4327; baseline -0.006 -16"><span class='ocrx_word' id='word_1_313' title='bbox 64 4255 85 4311; x_wconf 86' lang='lat'>5</span> <span class='ocrx_word' id='word_1_314' title='bbox 104 4252 164 4308; x_wconf 77' lang='lat' dir='ltr'><strong>‘Ubi</strong></span> <span class='ocrx_word' id='word_1_315' title='bbox 186 4254 299 4308; x_wconf 86' lang='lat' dir='ltr'><strong>maxime</strong></span> <span class='ocrx_word' id='word_1_316' title='bbox 321 4253 466 4327; x_wconf 80' lang='lat' dir='ltr'><strong>gaudebiS,</strong></span> <span class='ocrx_word' id='word_1_317' title='bbox 490 4255 602 4308; x_wconf 82' lang='lat' dir='ltr'><strong>maxime</strong></span> <span class='ocrx_word' id='word_1_318' title='bbox 623 4251 750 4309; x_wconf 88' lang='lat' dir='ltr'><strong>metucs&#39;.</strong></span> <span class='ocrx_word' id='word_1_319' title='bbox 859 4252 919 4308; x_wconf 80' lang='lat'><strong>345</strong></span> <span class='ocrx_word' id='word_1_320' title='bbox 944 4254 986 4326; x_wconf 81' lang='lat' dir='ltr'><strong>Cf.</strong></span> <span class='ocrx_word' id='word_1_321' title='bbox 1003 4272 1028 4309; x_wconf 86' lang='lat' dir='ltr'><strong>u.</strong></span> <span class='ocrx_word' id='word_1_322' title='bbox 1046 4251 1106 4306; x_wconf 92' lang='grc'><strong>224</strong></span> 
     </span>
     <span class='ocr_line' id='line_1_40' title="bbox 1 4336 1212 4420; baseline -0.002 -24"><span class='ocrx_word' id='word_1_323' title='bbox 1 4402 15 4420; x_wconf 73' lang='lat'><strong>.</strong></span> <span class='ocrx_word' id='word_1_324' title='bbox 63 4337 129 4396; x_wconf 83' lang='grc'><strong>346</strong></span> <span class='ocrx_word' id='word_1_325' title='bbox 153 4354 249 4411; x_wconf 85' lang='lat' dir='ltr'><strong>magna</strong></span> <span class='ocrx_word' id='word_1_326' title='bbox 270 4346 311 4392; x_wconf 89' lang='lat' dir='ltr'><strong>est</strong></span> <span class='ocrx_word' id='word_1_327' title='bbox 332 4355 391 4393; x_wconf 88' lang='lat' dir='ltr'><strong>curn</strong></span> <span class='ocrx_word' id='word_1_328' title='bbox 415 4339 516 4393; x_wconf 87' lang='lat' dir='ltr'><strong>crimen</strong></span> <span class='ocrx_word' id='word_1_329' title='bbox 536 4337 624 4392; x_wconf 84' lang='lat' dir='ltr'><strong>adfert</strong></span> <span class='ocrx_word' id='word_1_330' title='bbox 646 4337 795 4412; x_wconf 86' lang='lat' dir='ltr'><strong>indignatio</strong></span> <span class='ocrx_word' id='word_1_331' title='bbox 818 4339 909 4395; x_wconf 75' lang='lat' dir='ltr'><strong>Bothe</strong></span> <span class='ocrx_word' id='word_1_332' title='bbox 1022 4336 1082 4394; x_wconf 84' lang='grc'><strong>347</strong></span> <span class='ocrx_word' id='word_1_333' title='bbox 1107 4339 1158 4392; x_wconf 81' lang='lat' dir='ltr'><strong>etsi</strong></span> <span class='ocrx_word' id='word_1_334' title='bbox 1180 4378 1212 4393; x_wconf 92' lang='lat'><strong>..</strong></span> 
     </span>
     <span class='ocr_line' id='line_1_41' title="bbox 61 4423 1008 4498; baseline -0.002 -19"><span class='ocrx_word' id='word_1_335' title='bbox 61 4431 133 4498; x_wconf 87' lang='lat' dir='ltr'><strong>pole</strong></span> <span class='ocrx_word' id='word_1_336' title='bbox 150 4425 272 4478; x_wconf 83' lang='lat' dir='ltr'><strong>Gruter.-</strong></span> <span class='ocrx_word' id='word_1_337' title='bbox 294 4423 412 4493; x_wconf 78' lang='lat' dir='ltr'><strong>etiamsi</strong></span> <span class='ocrx_word' id='word_1_338' title='bbox 429 4466 436 4479; x_wconf 92' lang='lat'><strong>.</strong></span> <span class='ocrx_word' id='word_1_339' title='bbox 454 4465 461 4478; x_wconf 91' lang='lat'><strong>.</strong></span> <span class='ocrx_word' id='word_1_340' title='bbox 480 4431 572 4497; x_wconf 86' lang='lat' dir='ltr'><strong>potest</strong></span> <span class='ocrx_word' id='word_1_341' title='bbox 587 4425 620 4493; x_wconf 83' lang='lat' dir='ltr'><strong>F,</strong></span> <span class='ocrx_word' id='word_1_342' title='bbox 638 4430 730 4496; x_wconf 85' lang='lat' dir='ltr'><strong>potest</strong></span> <span class='ocrx_word' id='word_1_343' title='bbox 745 4430 800 4478; x_wconf 83' lang='lat' dir='ltr'><strong>tarn</strong></span> <span class='ocrx_word' id='word_1_344' title='bbox 816 4427 890 4479; x_wconf 84' lang='lat' dir='ltr'><strong>coni.</strong></span> <span class='ocrx_word' id='word_1_345' title='bbox 906 4423 1008 4479; x_wconf 79' lang='lat' dir='ltr'><strong>Botlle.</strong></span> 
     </span>
    </p>
   </div>
   <div class='ocr_carea' id='block_1_5' title="bbox 0 0 1534 5124">
    <p class='ocr_par' dir='ltr' id='par_1_12' title="bbox 0 0 1534 5124">
     <span class='ocr_line' id='line_1_42' title="bbox 0 0 1534 5124; baseline 0 0"><span class='ocrx_word' id='word_1_346' title='bbox 0 0 1534 5124; x_wconf 95' lang='lat' dir='ltr'><strong> </strong></span> 
     </span>
    </p>
   </div>
  </div>
 </body>
</html>
