3014 5116
497 379 771 433 raouueouam.
1166 368 1207 433 29

58 555 153 600 num
178 530 395 602 Gruterum
424 559 494 603 esse
518 540 724 620 existimant,
754 541 810 624 qui
834 538 963 603 ‘Public'
984 537 1059 620 Syri
1081 542 1208 602 mintos'

59 648 228 725 tamquam
244 637 459 720 corollarium
482 639 624 704 Senecae
647 640 889 724 tragoediarum
911 658 995 703 anno
1021 639 1119 703 1604
1141 639 1207 704 edi·

60 741 127 804 dit:
159 739 241 803 hanc
264 740 459 824 editionem,
484 740 789 822 Commelinianam,
814 751 846 805 et
868 743 973 828 ipsam
995 741 1037 805 ab
1060 741 1209 804 omnibus

60 843 132 905 fere
154 842 339 926 ignoratam
362 841 476 908 video:
504 865 578 907 nam
602 843 776 930 obscurata
798 853 847 907 est
868 843 1100 927 Lugdunensi,
1128 864 1209 928 quae

60 943 187 1030 prodiit
208 966 237 1006 a.
264 944 345 1008 1708
367 946 454 1031 apud
477 945 638 1010 Joannem
665 945 706 1008 de
728 945 827 1009 Vivie
850 956 882 1009 et
906 945 986 1010 1727
1009 945 1097 1030 apud
1120 942 1209 1007 Hen-

61 1046 124 1108 riei
140 1045 283 1130 Tcering
299 1067 376 1109 cura
392 1046 460 1131 sig.
477 1045 698 1132 Havercampi
714 1054 746 1109 et
761 1045 842 1110 Abr.
859 1047 1028 1133 Preygeri,
1050 1046 1209 1109 instructa

62 1148 152 1210 notis
182 1148 351 1232 postumis.
397 1147 471 1212 Non
495 1148 632 1213 dubium
661 1157 725 1235 est,
756 1149 834 1234 quin
863 1147 1024 1212 Gruterus
1052 1146 1209 1210 editorem

62 1247 360 1333 Ingolstad'iensem
386 1251 434 1312 rei
463 1253 617 1314 metricae
647 1249 925 1336 imperitissimum
954 1248 1051 1334 longe
1078 1270 1208 1334 supera-

62 1351 150 1413 verit
172 1359 204 1414 et
226 1350 329 1414 multa
356 1351 480 1437 primus
511 1354 703 1416 correxerit:
733 1351 820 1438 quod
842 1359 951 1414 autem
973 1350 1092 1415 librum
1114 1357 1210 1414 suum

61 1451 125 1515 hoc
153 1451 247 1515 titulo
277 1450 429 1536 vulgavit
461 1454 511 1516 ³L.
542 1453 670 1516 Annaei
701 1454 843 1518 Senecae
872 1461 903 1516 et
931 1456 969 1519 P.
1001 1452 1077 1536 Syri
1107 1453 1208 1532 mimi,

60 1553 173 1617 forsan
203 1561 235 1616 et
263 1551 400 1617 aliorum
430 1554 612 1639 singulares
643 1556 839 1635 sententiae,
869 1563 1023 1616 centum
1052 1552 1210 1640 aliquot

62 1652 260 1718 versibus
289 1677 391 1718 nunc
419 1656 586 1743 primurn
613 1667 753 1720 auctae
781 1665 812 1720 et
840 1664 1003 1720 correctae
1031 1677 1091 1742 ppe
1114 1653 1208 1718 codd.
1294 1730 1296 1736 Α

62 1754 287 1829 Palatinorum
324 1766 356 1820 et
389 1756 637 1845 Frisingensis',
670 1758 705 1823 id
737 1759 857 1822 nimiae
889 1752 953 1825 fuit
985 1757 1209 1841 arrogantiae3

61 1880 141 1921 nam
165 1879 207 1920 ex
230 1858 398 1922 codicibus
421 1859 579 1923 Palatinis
602 1859 644 1922 ab
667 1860 738 1945 ipso
760 1859 918 1924 adhibitis
941 1859 1061 1944 viginti
1083 1867 1207 1921 tantum

61 1968 273 2023 accesserunt
287 1981 308 2023 a
322 1959 466 2024 Publilio
489 1959 719 2042 alienissimae,
747 1961 993 2046 Frisingensem
1014 1969 1123 2024 autem
1144 1961 1209 2022 iam

59 2071 160 2125 antea
174 2083 351 2126 excussum
365 2083 406 2124 ne
422 2064 608 2149 inspexerat
620 2063 767 2148 quidem,
784 2064 881 2127 immo
894 2063 1137 2128 obtrectationis
1150 2062 1209 2123 cri-

60 2165 146 2227 mini
168 2186 202 2226 se
224 2165 265 2227 iis
289 2164 419 2245 obiecit,
444 2186 526 2250 quae
549 2149 815 2229 adnotationibus
838 2165 1016 2250 praemisit.
1055 2164 1213 2227 ‘Primam

62 2267 299 2329 sententiarum
322 2265 446 2352 prolem
463 2266 718 2352 (Erasmianam)
737 2289 841 2351 nuper
862 2267 906 2331 ad
926 2267 1085 2330 invidiam
1108 2286 1210 2351 usque
1271 2260 1273 2263 ⁸

62 2365 227 2452 expolivit
250 2365 327 2430 lima
350 2367 464 2451 divina
479 2368 616 2455 Josephi
634 2366 809 2452 Scaligeri;
833 2369 1047 2453 posteriorem
1069 2368 1139 2430 fere
1153 2365 1208 2428 ad-

60 2468 128 2531 huc
158 2467 440 2552 sanguinolentam
465 2470 580 2555 ego(7)
603 2470 654 2534 his
682 2471 762 2556 ipsis
791 2469 941 2533 manibus
970 2467 1102 2547 sustuli,
1131 2460 1221 2548 lavi,
1283 2551 1285 2553 p

61 2570 146 2652 fovi,
160 2570 253 2652 finxi,
264 2570 414 2635 adhibita
429 2571 581 2658 aleiptica
595 2573 730 2635 minime
741 2570 937 2658 paenitenda
953 2578 984 2633 ‘e
999 2570 1208 2656 myrotheciis

65 2670 221 2735 librariae
238 2670 444 2738 Serenissimi
466 2675 531 2736 mei
545 2673 720 2760 Principis,
743 2672 904 2736 Electoris
928 2670 1092 2736 Palatini'.
1124 2659 1209 2735 Con·

62 2772 152 2837 sulto
182 2774 284 2855 enim,
312 2775 444 2860 utipse
466 2777 644 2845 sententias
668 2775 896 2863 Frisingenses
919 2775 1044 2861 primus
1067 2773 1210 2837 edidisse
1307 2811 1313 2821 ι

61 2874 245 2958 videretur,
263 2875 396 2940 editoris
413 2875 686 2961 Ingolstadiensis
702 2899 743 2940 ne
759 2864 956 2942 mentiorlem
972 2875 1105 2963 quidem
1120 2876 1208 2956 fecit,

61 2986 95 3040 et
119 2976 177 3069 ubi
200 2978 313 3064 utique
336 2979 635 3044 commemorandus
659 2990 744 3061 erat,
767 2977 883 3043 maluit
906 3001 978 3043 eum
999 2987 1086 3042 tecte
1108 2979 1208 3062 signi·

60 3079 173 3160 ficare,
197 3078 301 3144 veluti
316 3080 358 3143 ad
374 3102 406 3143 v.
425 3080 502 3144 142:
527 3082 621 3163 ‘quod
643 3082 839 3146 obtruseroat
852 3082 942 3145 nobis
964 3082 1053 3159 atti,
1078 3082 1211 3144 detonat

61 3202 148 3262 quac
171 3181 290 3263 ltaque,
317 3183 412 3247 uitta
433 3188 498 3246 cst'.

149 3280 258 3346 Aliam
282 3306 410 3370 quoque
432 3286 665 3349 sententiarum
688 3284 863 3349 editionem
879 3283 966 3348 idem
982 3285 1110 3348 curavit
1125 3283 1208 3348 Gru-

60 3393 155 3447 terus
183 3406 266 3448 anno
292 3386 374 3450 1610
401 3387 435 3448 in
465 3385 642 3470 Florilegio
671 3385 943 3473 ethico-politico,
973 3387 1210 3472 quinquaginta

60 3485 196 3549 circiter
229 3486 380 3551 versibus
413 3497 541 3552 auctam
569 3486 622 3551 vel
655 3489 763 3574 potius
793 3486 1037 3574 interpolatam,
1069 3510 1142 3551 eum
1169 3509 1210 3550 ne

60 3609 147 3650 unus
171 3587 303 3673 quidem
325 3589 369 3652 sit
390 3589 536 3653 Publilii.
824 3584 828 3601 '

47 3759 50 3765 ¹
151 3688 247 3753 Ultra
276 3712 409 3777 scopum
440 3693 562 3755 incerto
585 3692 653 3755 ictu
674 3691 852 3756 tetendisse
874 3689 1053 3778 plerosque.
1068 3690 1209 3754 editores

60 3791 167 3878 probe
195 3793 297 3856 sensit
325 3793 451 3877 ingenii
478 3795 628 3856 acumine
650 3794 736 3856 inter
758 3815 876 3879 paucos
905 3793 1044 3878 insignis
1071 3792 1209 3856 Ricar-

61 3894 137 3956 dus
161 3892 392 3978 Bentleius3
416 3904 452 3959 ut
473 3897 545 3983 ipse
567 3893 703 3958 Publilii
724 3897 903 3959 sententias
925 3917 990 3958 una
1013 3917 1084 3959 curn
1107 3894 1208 3958 Phae-

60 3994 117 4057 dri
138 3993 261 4058 fabulis
286 3995 429 4060 edendas
453 3997 643 4083 susciperet,
664 4017 705 4066 ,ea
720 3997 895 4082 praecipue
913 4019 1010 4061 eausa
1024 3997 1098 4078 fuit,
1123 3995 1209 4081 quod

61 4095 368 4162 HariumTerentii
392 4099 548 4163 editorem
569 4098 656 4161 idern
674 4097 846 4163 consilium
860 4099 985 4183 agitare
999 4107 1208 4182 cognoverat.

60 4197 116 4261 Of.
132 4197 276 4261 Bentleii
298 4199 401 4264 vitam
422 4222 442 4262 a
463 4199 588 4265 Jacobo
605 4198 746 4264 Maehlio
769 4199 965 4286 descriptam
980 4222 1034 4286 pg.
1051 4199 1102 4262 91.
1131 4199 1208 4263 Pro·

59 4300 126 4362 diit
149 4297 208 4362 illa
231 4298 682 4366 editiocantabr.1724.4⁰.
728 4301 803 4382 Sed,
828 4309 864 4364 ut
886 4302 922 4366 fit
944 4303 979 4363 in
1002 4300 1111 4365 subito
1134 4322 1207 4364 eon-

59 4389 157 4484 silio,
181 4422 233 4491 res
257 4403 457 4488 improspere
480 4405 586 4468 cessit.
632 4403 716 4468 Nam
738 4403 915 4484 codicum,
933 4424 1012 4488 quos
1035 4402 1208 4484 consuluit,
