3282 5282
371 389 432 454 128
741 379 751 390 ⁵
774 403 992 452 SENTENTIAE
1016 401 1126 452 rsuso

454 556 511 623 Nil
532 554 665 646 prodest
688 555 856 640 didicisse,
879 557 907 621 si
930 578 1036 622 cessas
1059 555 1283 621 benefacere.

298 683 305 696 ·
372 666 436 726 230
457 657 514 724 Nil
535 660 673 730 rationis
697 668 757 742 est,
780 657 839 724 ubi
860 680 912 724 res
935 657 1034 724 semel
1056 660 1090 723 in
1111 658 1263 724 affectum
1285 662 1386 725 venit.

456 760 512 826 Nil
535 763 663 849 turpius
687 783 784 848 quam
806 762 920 826 vivere
942 760 1102 848 incipiens
1125 782 1238 827 senex.

455 863 603 928 Nimium
625 861 790 928 tendendo
812 864 920 950 rumpi
942 860 1107 930 funiculus
1129 862 1221 927 solet.

456 964 587 1036 Nobilis
609 963 771 1052 professio
794 965 955 1053 sapientia
978 973 1046 1030 est:
1077 986 1159 1052 quae
1182 964 1359 1031 distributa
1381 969 1525 1054 suscipit

661 1068 906 1150 incrementum,
930 1089 1067 1131 avarum
1089 1066 1267 1153 dedignata
1288 1090 1522 1154 possessorem.

458 1169 587 1235 Nocens
611 1171 684 1256 quis
707 1167 796 1234 illico
818 1169 866 1254 fit,
890 1167 1074 1234 succumbit
1096 1178 1133 1234 ut
1154 1167 1247 1235 fides.

374 1278 435 1337 235
457 1273 532 1338 Non
553 1270 618 1336 alia
639 1271 739 1336 facies
763 1281 812 1336 est
834 1271 938 1358 quieti
952 1268 1177 1358 moderatique
1191 1272 1334 1358 imperii,
1357 1294 1456 1359 quam
1471 1295 1522 1338 se-

664 1373 735 1438 reni
758 1371 841 1437 caeli
863 1382 896 1438 et
917 1374 1064 1438 nitentis.

459 1475 535 1541 Non
555 1477 683 1541 animus
706 1474 857 1558 hominis,
878 1475 940 1544 sed
962 1473 1049 1542 facta
1071 1484 1258 1541 cernuntur.

456 1577 611 1643 Nondum
632 1576 715 1642 felix
738 1597 784 1660 es,
807 1579 837 1642 si
857 1577 1003 1643 nondum
1024 1577 1120 1643 turba
1141 1585 1175 1642 te
1197 1576 1359 1644 deriserit.

458 1679 533 1745 Non
556 1701 652 1766 egere
675 1677 834 1744 felicitate
855 1677 997 1745 felicitas
1021 1688 1080 1744 est.

460 1781 535 1847 Non
558 1791 608 1847 cst
629 1780 756 1865 beatus,
779 1783 852 1869 ipse
874 1782 930 1868 qui
952 1802 987 1846 se
1009 1783 1145 1846 nesciat.

377 1889 440 1950 240
461 1883 535 1950 Non
558 1893 612 1962 est
629 1881 759 1949 bonitas
783 1905 855 1950 esse
877 1882 1044 1948 meliorem
1066 1885 1218 1971 pessimo.

458 1986 533 2051 Non
563 1994 612 2050 est
639 1985 781 2050 hominis
809 1986 913 2051 maior
940 1983 1079 2050 stultitia
1106 2006 1203 2073 quam
1226 1994 1341 2071 putare
1363 2008 1398 2049 se
1419 1989 1527 2050 amari

666 2087 708 2152 ab
731 2086 794 2170 his,
818 2110 900 2175 quos
923 2089 994 2175 ipse
1016 2110 1081 2152 non
1104 2087 1231 2173 diligat.

459 2189 532 2254 Non
556 2197 605 2256 est
626 2187 792 2276 pusillum,
817 2190 846 2255 si
868 2189 947 2277 quid
969 2191 1112 2255 maximo
1136 2199 1186 2255 est
1206 2190 1324 2256 minus.

458 2289 533 2355 Non
556 2300 605 2356 est
626 2300 730 2375 tuum,
753 2290 885 2356 fortuna
907 2291 994 2379 quod
1016 2292 1096 2357 fecit
1118 2302 1220 2358 tuum.

342 2453 345 2457 ,
457 2392 531 2457 Non
552 2391 741 2458 fert.ullum
763 2394 864 2458 ictum
887 2392 1002 2458 illaesa
1023 2393 1177 2459 felicitas.

373 2500 434 2560 245
457 2494 531 2560 Non
553 2496 660 2561 minus
683 2494 777 2580 latro,
801 2498 893 2562 cuius
916 2495 1018 2562 telum
1039 2496 1190 2584 opposita
1210 2504 1304 2561 veste
1318 2483 1523 2562 elusum'est.

458 2596 532 2663 Non
562 2596 700 2664 multum
730 2619 828 2686 supra
855 2620 929 2665 eum
951 2600 1072 2664 eminet
1095 2599 1183 2685 quis,
1213 2598 1323 2664 cuiae
1351 2598 1524 2662 irascendo

637 2715 640 2722 '
985 2709 1156 2788 exaequat.

459 2802 535 2868 Non
556 2804 645 2868 omni
668 2803 808 2868 eundem
830 2802 973 2869 calceum
995 2803 1131 2868 induces
1153 2803 1240 2892 pedi.

384 2953 391 2962 ,
460 2903 535 2970 Non
557 2927 654 2993 quam
677 2905 745 2989 diu,
769 2904 829 2971 sed
851 2928 947 2994 quam
970 2906 1055 2972 bene
1077 2907 1183 2989 vivas,
1207 2906 1325 2990 cogita.

461 3005 536 3072 Non
559 3009 616 3094 qui
637 3010 745 3073 iussus
767 3007 912 3095 aliquod,
936 3008 994 3075 sed
1016 3009 1072 3096 qui
1093 3009 1218 3074 invitus
1234 3007 1324 3091 facit,
1347 3006 1522 3072 miserest.

379 3114 442 3175 250
463 3106 539 3173 Non
561 3108 798 3175 vindicandum
820 3109 952 3193 scelere,
975 3112 1004 3176 si
1025 3113 1142 3197 possis,
1166 3109 1282 3177 scelus.

464 3209 565 3275 Nulla
585 3233 637 3276 res
659 3213 764 3299 magis
787 3211 847 3280 alit
867 3212 1080 3298 iracundiam,
1104 3235 1201 3301 quam
1222 3212 1363 3277 luxuria.
1443 3279 1448 3288 ,

459 3507 520 3568 229
542 3509 597 3568 Pn.
614 3508 653 3566 Cf.
669 3499 815 3585 suprs‘pg.
834 3509 885 3582 91,
901 3509 919 3568 9
979 3508 1041 3568 230
1057 3509 1107 3566 Gr.
1124 3525 1164 3566 ex.
1181 3507 1242 3566 cod.
1256 3507 1339 3564 Pslst.
1356 3507 1416 3565 Scn.
1432 3506 1465 3564 de
1481 3509 1520 3565 irs

376 3595 404 3668 1,
421 3594 451 3668 8,
469 3595 485 3652 1
559 3594 618 3653 231
642 3596 691 3652 Pr.
708 3594 769 3652 Son.
787 3597 866 3671 epist.
883 3594 933 3667 13,
951 3595 990 3652 17
1058 3592 1118 3652 232
1142 3595 1195 3651 Βο.
1212 3592 1249 3649 Ex
1264 3592 1406 3669 proverbio
1421 3609 1521 3667 graeco

373 3677 475 3736 Erasmi
490 3680 576 3755 Adsg.
595 3680 623 3752 1,
640 3680 670 3753 5,
685 3679 726 3738 47
814 3679 875 3738 233
900 3680 950 3737 Go.
1032 3677 1092 3737 234
1117 3677 1520 3750 attrectatione,
1627 3677 1628 3688 ¹

374 3763 403 3837 3,
419 3782 466 3840 pg.
484 3763 523 3821 21
623 3764 684 3823 235
709 3765 760 3824 Ge.
777 3764 839 3822 Sen.
855 3764 889 3821 dc
904 3765 981 3822 olem.
1000 3765 1029 3836 1,
1047 3763 1111 3837 7,2
1211 3763 1521 3824 236Ρ11.Ι1111ιο1.3

451 3847 512 3907 237
535 3850 590 3906 Pa.
607 3848 643 3905 lle
658 3866 725 3906 mor.
743 3848 783 3908 23
856 3849 917 3908 238
941 3848 1312 3925 R.Scn,deprovid.6,5
1385 3847 1445 3906 239
1469 3848 1518 3906 Ps.
1564 3923 1576 3931 ,

372 3933 456 3990 Poeta
471 3949 540 3990 com.
558 3950 599 4008 sp.
616 3932 679 3991 Sen.
695 3936 774 4009 epist.
791 3934 821 4007 9,
837 3933 875 3991 21
893 3951 957 3993 esse
972 3952 1004 3993 sc
1018 3939 1069 4009 qui
1082 3953 1138 3994 non
1149 3941 1237 4008 putot
1309 3933 1373 3994 240
1393 3933 1442 3990 Pr.
1457 3932 1521 3992 Seu.

374 4019 454 4093 epist.
473 4017 579 4091 79,11
667 4018 727 4074 241
753 4019 785 4088 Q.
830 4016 835 4024 '
883 4019 944 4077 242
967 4019 1315 4095 Ps.Sen.cpist.100,9
1402 4017 1463 4076 243
1487 4020 1522 4076 F.

372 4102 492 4160 lucilius
513 4119 555 4177 sp.
578 4102 641 4160 Ser.
663 4105 743 4178 epist.
758 4103 795 4175 8,
813 4105 852 4164 10
945 4103 1006 4162 244
1028 4107 1065 4163 R.
1082 4107 1128 4180 qui
1150 4119 1201 4162 scr.
1217 4106 1322 4162 Ιιὶὶανίε
1338 4105 1391 4179 fel.
1407 4103 1471 4161 Sco.
1488 4105 1523 4161 dc

372 4188 479 4263 provid.
495 4187 566 4261 2,6
667 4187 728 4245 245
752 4189 788 4245 R.
806 4191 854 4263 qui
873 4207 927 4248 scr.
952 4194 1037 4248 cuius
1056 4194 1152 4248 scelus
1173 4209 1197 4248 o.
1220 4192 1375 4248 clauditur.
1405 4189 1468 4246 Seu.
1488 4189 1523 4246 de

374 4281 461 4330 const.
478 4290 534 4349 sap.
552 4272 617 4346 7,4
683 4272 744 4331 246
769 4274 819 4331 Go.
837 4273 899 4332 Son.
916 4275 950 4333 de
965 4275 1042 4333 clem.
1062 4275 1091 4349 1,
1107 4276 1173 4348 5,6
1238 4274 1299 4333 247
1322 4273 1521 4332 BuProverb.
1626 4257 1627 4260 ¹

374 4357 675 4433 presumpsisset.
692 4357 775 4434 Adsg.
791 4357 822 4432 4,
839 4358 869 4432 4,
886 4360 925 4418 56
1018 4355 1079 4420 248
1102 4362 1136 4418 F.
1153 4360 1215 4418 Son.
1231 4362 1310 4435 epist.
1327 4359 1378 4433 22,
1396 4360 1433 4417 17

373 4441 434 4501 249
458 4444 492 4513 Q.
579 4442 643 4503 250
664 4443 910 4504 140411101139
998 4443 1449 4519 attenuarentur

1427 4625 1450 4670 ὕ
