3014 5116
454 453 458 460 ,
496 381 770 438 100100000111.
1165 373 1203 441 15

18 555 22 561 ’
56 534 100 606 et'
115 542 144 607 si
168 553 255 608 recte
278 544 510 630 interpretatus
535 567 607 608 sum
629 544 918 609 Pseudovinccntii
944 546 1051 609 locum
1074 567 1116 609 ex
1138 569 1209 632 spc-
1272 565 1274 568 ⁴
1301 602 1303 604 ,

55 643 272 708 culomorali
295 646 434 730 petitum
457 644 514 730 (of.
538 645 580 709 ad
603 668 634 709 v.
658 647 751 728 628),
774 648 939 733 integrum
962 645 1098 711 Publilii
1120 669 1211 711 sena-

54 747 146 810 rium
161 747 248 834 apud
265 747 504 833 Hieronymum
526 757 637 811 extare
655 747 786 812 credere
801 747 889 829 licet,
912 770 1107 834 quamquam
1123 735 1211 812 locus
1232 764 1235 768 “
1347 751 1351 754 ’
1401 744 1407 752 ζ’

54 846 205 932 nondum
230 850 382 913 inventus
407 859 465 913 est.
510 848 662 934 Denique
677 849 914 935 posterioribus
931 870 1058 935 quoque
1074 848 1210 913 sacculis

56 948 198 1013 Publilii
221 952 392 1015 sententiis
416 973 511 1014 suum
533 950 636 1014 fuisse
659 950 764 1015 locum
782 953 816 1014 in
831 953 1120 1037 grammaticorum
1136 974 1209 1037 sup-

54 1049 216 1136 pellectili
238 1051 407 1133 litteraria,
432 1051 628 1117 lectionibus
652 1052 775 1119 codicis
790 1053 981 1116 Turicensis
1004 1053 1051 1116 ita
1067 1075 1120 1116 me
1136 1074 1210 1116 con-

56 1151 263 1216 firmaturum
286 1153 423 1227 confido
447 1164 483 1218 ut
507 1155 610 1217 omnis
634 1153 796 1218 dubitatio
818 1154 990 1218 eximatur.
1034 1155 1085 1216 Ac
1100 1156 1210 1218 nescio

16 1313 24 1326 .
56 1275 100 1316 an
124 1253 180 1317 illa
204 1256 276 1341 ipsa
298 1277 318 1318 a
341 1255 510 1320 codicibus
525 1256 646 1320 nostris
662 1255 894 1342 discrepantia,
919 1277 1014 1341 quam
1030 1255 1117 1341 apud
1132 1255 1227 1318 Hie.

56 1378 232 1442 ronymum
256 1357 545 1443 deprehendimus,
574 1357 697 1421 indicio
724 1380 795 1422 esse
817 1359 922 1443 possit
944 1356 1015 1420 ludi
1036 1359 1210 1442 magistros

54 1455 108 1520 his
138 1460 323 1523 sententiis¹
342 1461 389 1523 ita
410 1481 485 1523 usos
510 1481 599 1542 esse,
628 1469 664 1524 ut
685 1482 802 1546 pueros
827 1449 1007 1525 orationem
1029 1460 1157 1522 variare
1180 1467 1211 1522 ct
1251 1491 1252 1495 ¹

57 1558 255 1646 homonyma
277 1561 477 1625 substituere
499 1562 718 1626 instituerent.
807 1580 808 1583 ’

144 1662 212 1725 Vix
235 1663 269 1725 in
292 1685 425 1727 censum
447 1662 613 1726 vocandus
636 1673 685 1728 est
708 1662 959 1744 Macrobius,
984 1684 1079 1748 quem
1095 1684 1153 1726 sua
1169 1685 1212 1726 ex

57 1762 165 1828 Gellio
195 1763 411 1849 descripsisse
438 1765 504 1827 iam
527 1788 625 1852 supra
648 1787 702 1852 pg.
725 1767 755 1830 5.
779 1765 1085 1831 demonstravimus.
1123 1763 1207 1828 Ulti-

21 1925 24 1930 .
56 1886 146 1927 mum
166 1867 253 1952 inter
275 1875 423 1930 auctores
438 1875 568 1955 ¹veteres
592 1876 708 1931 testem
724 1866 934 1952 producimus
958 1864 1208 1947 Salvianum,

56 1988 99 2029 ex
121 1968 213 2031 cuius
236 1967 347 2031 verbis
375 1966 431 2052 (de
453 1968 530 2052 gub.
556 1968 610 2032 dei
638 1971 672 2050 l,
696 1969 736 2032 10
760 1974 797 2057 at
823 1965 1082 2033 1110011Α110110
1104 1968 1202 2045 nobie,

56 2075 167 2147 nostra
185 2070 260 2151 ptus
282 2070 357 2134 01110
372 2071 501 2151 placeat
521 2102 563 2126 =
586 2092 617 2133 v.
642 2069 697 2154 28)
721 2070 899 2134 sententias
921 2068 1030 2132 medio
1053 2090 1138 2132 saec.
1160 2069 1202 2133 V.

55 2171 90 2232 in
113 2169 286 2234 multorum
307 2193 372 2254 ore,
397 2171 454 2235 sed
477 2181 592 2259 poetae
614 2193 731 2236 nomen
746 2173 894 2256 ignotum
909 2171 1012 2234 fuisse
1028 2168 1202 2254 colligitur.

141 2270 233 2336 Haec
257 2271 325 2335 lere
349 2272 389 2336 de
404 2271 547 2337 Publilio
571 2273 823 2338 exauctoribus
846 2261 957 2336 latinis
974 2292 1086 2335 eruere
1094 2271 1203 2335 licuit.

59 2372 113 2457 Ex
136 2375 217 2460 ipsis
242 2376 414 2438 sententiis
437 2376 542 2461 possit
564 2373 682 2461 aliquis
705 2374 821 2438 elicere
837 2373 1007 2460 Euripidis
1022 2372 1209 2457 tragoedias

59 2485 92 2539 et
108 2476 305 2559 comicorum
323 2497 515 2560 graecorum
531 2476 659 2540 fabulas
675 2475 763 2540 haud
777 2476 961 2560 incognitas
977 2475 1080 2538 fuisse
1095 2472 1208 2538 Publi-

55 2575 98 2640 lio
131 2575 190 2661 (cf.
213 2577 255 2639 ad
279 2599 311 2640 v.
335 2578 387 2642 36.
410 2578 485 2642 438.
507 2578 581 2643 458.
604 2579 700 2662 636),
730 2576 917 2641 Phaedrum
947 2585 1060 2640 contra
1086 2577 1207 2661 passim

55 2677 195 2742 Publilii
225 2677 404 2744 sehtentias
435 2681 638 2766 expressisse
669 2679 726 2764 (cf.
750 2678 792 2742 ad
821 2700 853 2741 u.
877 2678 951 2763 255.
975 2678 1064 2761 644).
1109 2675 1208 2756 Quod

59 2780 203 2867 denique
227 2782 262 2844 in
283 2780 434 2845 versibus
449 2783 523 2846 460.
540 2783 602 2847 635
623 2782 749 2866 patriae
770 2781 904 2844 relictae
926 2790 959 2844 et
980 2779 1207 2843 manumissio·
1326 2788 1328 2791 ’

61 2884 112 2946 nis
143 2885 297 2947 memoria
324 2884 474 2966 inicitur,
503 2885 646 2947 animum
675 2884 831 2967 cogitatio
860 2880 949 2947 subit
970 2879 1149 2944 Publilium
1172 2901 1209 2942 ea
1339 2874 1347 2881 ’

58 3007 188 3071 quoque
210 2984 300 3049 haud
322 3007 395 3048 raro
418 2985 579 3068 attigisse,
603 3007 686 3072 quae
707 2983 750 3048 ad
772 2986 876 3070 ipsius
899 3004 1071 3069 personam
1091 2983 1207 3046 vitam-

60 3106 127 3172 que
149 3088 361 3173 pertinerent.
399 3086 465 3151 Sed
486 3087 683 3161 110000011110
699 3087 830 3151 videtur
844 3088 878 3149 in
893 3073 1000 3149 medio
1015 3083 1207 3170 relinquere.

100 3499 157 3581 Π.
207 3497 267 3581 De
299 3499 578 3584 sententiarum
609 3498 921 3582 Publilianarum
953 3496 1164 3582 codicibus.

33 3761 37 3766 ,
137 3698 314 3780 Codicum,
338 3699 394 3784 qui
416 3700 599 3763 sententias
621 3721 641 3762 a
663 3693 757 3763 nobis
781 3697 886 3762 editas
910 3697 1089 3778 continent,
1113 3695 1203 3759 dum-

44 3800 148 3865 modo
173 3801 363 3864 memineris
387 3798 524 3865 Publilii
546 3807 663 3866 nomen
685 3800 875 3888 plerumque
898 3799 1036 3864 cessisse
1052 3796 1205 3880 Senecae,

45 3914 118 3967 tam
149 3923 268 3986 magna
300 3911 350 3966 001
379 3903 488 3988 copia,
517 3912 554 3966 ut
577 3902 717 3967 editores
740 3901 795 3966 vel
815 3903 1012 3966 novissimos
1033 3901 1205 3985 perpaucis

46 4014 181 4069 tantum
194 4026 214 4086 ,·
228 4014 259 4067 et
283 4005 369 4090 quod
392 4003 489 4067 valde
512 4003 687 4070 dolendum
710 4015 774 4087 est,
797 4008 917 4091 partim
940 4007 1109 4087 corruptis,
1131 3999 1204 4063 aliis
1262 4006 1263 4009 ’

1 4113 7 4121 “
49 4109 161 4183 bonae
192 4106 327 4193 quidem
355 4105 452 4171 notae
482 4105 551 4170 sed·
567 4108 708 4191 pessime
731 4105 858 4170 collatis
880 4106 922 4168 ad
945 4102 1204 4167 emendationem
1301 4107 1305 4125 ²

48 4231 131 4275 usos
157 4230 234 4272 esse
251 4210 321 4272 iure
343 4210 525 4293 meritoque
546 4208 686 4285 mireris.
732 4206 823 4286 Quos
847 4209 917 4295 ipse
939 4203 1075 4269 adhibui
1096 4204 1202 4267 111011-
1243 4225 1255 4235 ⁴
1278 4282 1282 4285 7
1312 4258 1315 4263 .

43 4310 197 4378 ornanda
219 4311 363 4375 editione
385 4332 468 4391 mea,
492 4310 527 4373 hi
550 4319 640 4373 sunt:

137 4414 169 4498 1)
194 4411 331 4476 Codex
363 4413 577 4475 Parisinus
611 4412 767 4475 latinus
797 4411 882 4475 2676
906 4409 1005 4494 (Pa),
1039 4408 1202 4474 membra-
