<?xml version="1.0" encoding="UTF-8"?>
<!DOCTYPE html PUBLIC "-//W3C//DTD XHTML 1.0 Transitional//EN"
    "http://www.w3.org/TR/xhtml1/DTD/xhtml1-transitional.dtd">
<html xmlns="http://www.w3.org/1999/xhtml" xml:lang="en" lang="en">
 <head>
  <title>
</title>
<meta http-equiv="Content-Type" content="text/html;charset=utf-8" />
  <meta name='ocr-system' content='tesseract 3.04.00' />
  <meta name='ocr-capabilities' content='ocr_page ocr_carea ocr_par ocr_line ocrx_word'/>
</head>
<body>
  <div class='ocr_page' id='page_1' title='image "./publiliisyrisen00wlgoog/publiliisyrisen00wlgoog_0130.png"; bbox 0 0 3044 5124; ppageno 0'>
   <div class='ocr_carea' id='block_1_1' title="bbox 235 394 1230 458">
    <p class='ocr_par' dir='ltr' id='par_1_1' title="bbox 235 394 1230 458">
     <span class='ocr_line' id='line_1_1' title="bbox 235 394 1230 458; baseline 0.001 -1"><span class='ocrx_word' id='word_1_1' title='bbox 235 398 455 458; x_wconf 80' lang='lat' dir='ltr'><strong>SENTENTIAE</strong></span> <span class='ocrx_word' id='word_1_2' title='bbox 470 405 581 453; x_wconf 83' lang='lat' dir='ltr'><strong>FALSO</strong></span> <span class='ocrx_word' id='word_1_3' title='bbox 599 407 706 453; x_wconf 76' lang='lat' dir='ltr'>INTER</span> <span class='ocrx_word' id='word_1_4' title='bbox 720 407 859 454; x_wconf 81' lang='lat' dir='ltr'><strong>PUBLIL.</strong></span> <span class='ocrx_word' id='word_1_5' title='bbox 876 409 1068 456; x_wconf 80' lang='lat' dir='ltr'><strong>RECEPTAE.</strong></span> <span class='ocrx_word' id='word_1_6' title='bbox 1169 394 1230 458; x_wconf 86' lang='lat' dir='ltr'><strong>ll9</strong></span> 
     </span>
    </p>
   </div>
   <div class='ocr_carea' id='block_1_2' title="bbox 93 561 1227 3180">
    <p class='ocr_par' dir='ltr' id='par_1_2' title="bbox 93 561 1227 3180">
     <span class='ocr_line' id='line_1_2' title="bbox 165 561 1227 651; baseline 0.002 -24"><span class='ocrx_word' id='word_1_7' title='bbox 165 565 254 649; x_wconf 86' lang='lat' dir='ltr'><strong>Agat</strong></span> <span class='ocrx_word' id='word_1_8' title='bbox 281 563 433 651; x_wconf 88' lang='lat' dir='ltr'><strong>princeps</strong></span> <span class='ocrx_word' id='word_1_9' title='bbox 460 582 570 626; x_wconf 88' lang='lat' dir='ltr'><strong>curam</strong></span> <span class='ocrx_word' id='word_1_10' title='bbox 591 582 658 626; x_wconf 92' lang='lat' dir='ltr'><strong>non</strong></span> <span class='ocrx_word' id='word_1_11' title='bbox 679 568 806 626; x_wconf 86' lang='lat' dir='ltr'><strong>tantum</strong></span> <span class='ocrx_word' id='word_1_12' title='bbox 828 561 959 645; x_wconf 88' lang='lat' dir='ltr'><strong>salutis,</strong></span> <span class='ocrx_word' id='word_1_13' title='bbox 989 562 1047 628; x_wconf 88' lang='lat' dir='ltr'><strong>sed</strong></span> <span class='ocrx_word' id='word_1_14' title='bbox 1073 563 1227 630; x_wconf 79' lang='lat' dir='ltr'>honestae</span> 
     </span>
     <span class='ocr_line' id='line_1_3' title="bbox 516 664 689 728; baseline 0 -2"><span class='ocrx_word' id='word_1_15' title='bbox 516 664 689 728; x_wconf 76' lang='lat' dir='ltr'><strong>cicatricis,</strong></span> 
     </span>
     <span class='ocr_line' id='line_1_4' title="bbox 163 764 858 851; baseline -0.004 -18"><span class='ocrx_word' id='word_1_16' title='bbox 163 767 261 833; x_wconf 91' lang='lat' dir='ltr'><strong>Alius</strong></span> <span class='ocrx_word' id='word_1_17' title='bbox 283 768 319 831; x_wconf 92' lang='lat' dir='ltr'><strong>in</strong></span> <span class='ocrx_word' id='word_1_18' title='bbox 340 765 413 829; x_wconf 89' lang='lat' dir='ltr'><strong>aliis</strong></span> <span class='ocrx_word' id='word_1_19' title='bbox 437 764 532 829; x_wconf 91' lang='lat' dir='ltr'><strong>rebus</strong></span> <span class='ocrx_word' id='word_1_20' title='bbox 557 773 607 829; x_wconf 87' lang='lat' dir='ltr'><strong>est</strong></span> <span class='ocrx_word' id='word_1_21' title='bbox 628 765 858 851; x_wconf 80' lang='lat' dir='ltr'><strong>praestantior.</strong></span> 
     </span>
     <span class='ocr_line' id='line_1_5' title="bbox 93 865 1030 951; baseline -0.001 -18"><span class='ocrx_word' id='word_1_22' title='bbox 93 877 140 935; x_wconf 84' lang='lat'><strong>15</strong></span> <span class='ocrx_word' id='word_1_23' title='bbox 163 869 310 936; x_wconf 89' lang='lat' dir='ltr'><strong>Alterius</strong></span> <span class='ocrx_word' id='word_1_24' title='bbox 334 868 489 931; x_wconf 89' lang='lat' dir='ltr'><strong>damnum</strong></span> <span class='ocrx_word' id='word_1_25' title='bbox 510 865 669 951; x_wconf 81' lang='lat' dir='ltr'><strong>gaudium</strong></span> <span class='ocrx_word' id='word_1_26' title='bbox 691 867 779 932; x_wconf 92' lang='lat' dir='ltr'><strong>haud</strong></span> <span class='ocrx_word' id='word_1_27' title='bbox 800 867 904 933; x_wconf 87' lang='lat' dir='ltr'><strong>facias</strong></span> <span class='ocrx_word' id='word_1_28' title='bbox 929 877 1030 934; x_wconf 90' lang='lat' dir='ltr'><strong>tuum.</strong></span> 
     </span>
     <span class='ocr_line' id='line_1_6' title="bbox 163 969 729 1056; baseline -0.005 -20"><span class='ocrx_word' id='word_1_29' title='bbox 163 973 273 1037; x_wconf 88' lang='lat' dir='ltr'><strong>Amici</strong></span> <span class='ocrx_word' id='word_1_30' title='bbox 294 971 535 1034; x_wconf 87' lang='lat' dir='ltr'><strong>firmamentum</strong></span> <span class='ocrx_word' id='word_1_31' title='bbox 557 969 729 1056; x_wconf 83' lang='lat' dir='ltr'><strong>sapientia.</strong></span> 
     </span>
     <span class='ocr_line' id='line_1_7' title="bbox 165 1069 800 1154; baseline -0.005 -16"><span class='ocrx_word' id='word_1_32' title='bbox 165 1074 274 1138; x_wconf 86' lang='lat' dir='ltr'><strong>Amici</strong></span> <span class='ocrx_word' id='word_1_33' title='bbox 296 1093 403 1137; x_wconf 90' lang='lat' dir='ltr'><strong>mores</strong></span> <span class='ocrx_word' id='word_1_34' title='bbox 425 1072 579 1154; x_wconf 84' lang='lat' dir='ltr'><strong>noveris,</strong></span> <span class='ocrx_word' id='word_1_35' title='bbox 592 1093 657 1134; x_wconf 93' lang='lat' dir='ltr'><strong>non</strong></span> <span class='ocrx_word' id='word_1_36' title='bbox 681 1069 800 1135; x_wconf 90' lang='lat' dir='ltr'><strong>oderis.</strong></span> 
     </span>
     <span class='ocr_line' id='line_1_8' title="bbox 165 1172 880 1259; baseline -0.003 -19"><span class='ocrx_word' id='word_1_37' title='bbox 165 1176 341 1241; x_wconf 90' lang='lat' dir='ltr'><strong>Amicitiae</strong></span> <span class='ocrx_word' id='word_1_38' title='bbox 364 1172 538 1259; x_wconf 85' lang='lat' dir='ltr'><strong>coagulum</strong></span> <span class='ocrx_word' id='word_1_39' title='bbox 559 1173 693 1237; x_wconf 93' lang='lat' dir='ltr'><strong>unicum</strong></span> <span class='ocrx_word' id='word_1_40' title='bbox 716 1182 765 1237; x_wconf 89' lang='lat' dir='ltr'><strong>est</strong></span> <span class='ocrx_word' id='word_1_41' title='bbox 787 1172 880 1238; x_wconf 87' lang='lat' dir='ltr'><strong>fides.</strong></span> 
     </span>
     <span class='ocr_line' id='line_1_9' title="bbox 164 1273 853 1364; baseline -0.003 -23"><span class='ocrx_word' id='word_1_42' title='bbox 164 1278 321 1344; x_wconf 89' lang='lat' dir='ltr'><strong>Amicitia</strong></span> <span class='ocrx_word' id='word_1_43' title='bbox 343 1298 438 1364; x_wconf 90' lang='lat' dir='ltr'><strong>pares</strong></span> <span class='ocrx_word' id='word_1_44' title='bbox 460 1286 518 1341; x_wconf 90' lang='lat' dir='ltr'><strong>aut</strong></span> <span class='ocrx_word' id='word_1_45' title='bbox 540 1276 661 1362; x_wconf 89' lang='lat' dir='ltr'><strong>accipit</strong></span> <span class='ocrx_word' id='word_1_46' title='bbox 683 1282 740 1339; x_wconf 87' lang='lat' dir='ltr'><strong>aut</strong></span> <span class='ocrx_word' id='word_1_47' title='bbox 761 1273 853 1339; x_wconf 85' lang='lat' dir='ltr'><strong>facit.</strong></span> 
     </span>
     <span class='ocr_line' id='line_1_10' title="bbox 93 1379 939 1465; baseline -0.002 -21"><span class='ocrx_word' id='word_1_48' title='bbox 93 1388 141 1446; x_wconf 99' lang='grc'>20</span> <span class='ocrx_word' id='word_1_49' title='bbox 163 1381 322 1445; x_wconf 88' lang='lat' dir='ltr'><strong>Amicitia</strong></span> <span class='ocrx_word' id='word_1_50' title='bbox 344 1400 472 1465; x_wconf 85' lang='lat' dir='ltr'><strong>semper</strong></span> <span class='ocrx_word' id='word_1_51' title='bbox 494 1379 640 1464; x_wconf 89' lang='lat' dir='ltr'><strong>prodest,</strong></span> <span class='ocrx_word' id='word_1_52' title='bbox 665 1398 756 1443; x_wconf 86' lang='lat' dir='ltr'><strong>amor</strong></span> <span class='ocrx_word' id='word_1_53' title='bbox 779 1388 812 1442; x_wconf 91' lang='lat' dir='ltr'><strong>et</strong></span> <span class='ocrx_word' id='word_1_54' title='bbox 833 1386 939 1444; x_wconf 88' lang='lat' dir='ltr'><strong>nocet.</strong></span> 
     </span>
     <span class='ocr_line' id='line_1_11' title="bbox 164 1478 839 1565; baseline -0.001 -18"><span class='ocrx_word' id='word_1_55' title='bbox 164 1483 280 1547; x_wconf 89' lang='lat' dir='ltr'><strong>Amico</strong></span> <span class='ocrx_word' id='word_1_56' title='bbox 305 1503 342 1546; x_wconf 93' lang='lat' dir='ltr'><strong>ea</strong></span> <span class='ocrx_word' id='word_1_57' title='bbox 365 1481 532 1562; x_wconf 85' lang='lat' dir='ltr'><strong>exhibeto,</strong></span> <span class='ocrx_word' id='word_1_58' title='bbox 555 1500 638 1565; x_wconf 90' lang='lat' dir='ltr'><strong>quae</strong></span> <span class='ocrx_word' id='word_1_59' title='bbox 661 1478 742 1544; x_wconf 88' lang='lat' dir='ltr'><strong>velis</strong></span> <span class='ocrx_word' id='word_1_60' title='bbox 765 1479 839 1546; x_wconf 92' lang='lat' dir='ltr'><strong>tibi.</strong></span> 
     </span>
     <span class='ocr_line' id='line_1_12' title="bbox 164 1581 1030 1670; baseline -0.006 -20"><span class='ocrx_word' id='word_1_61' title='bbox 164 1585 299 1650; x_wconf 89' lang='lat' dir='ltr'><strong>Amicos</strong></span> <span class='ocrx_word' id='word_1_62' title='bbox 321 1606 372 1648; x_wconf 90' lang='lat' dir='ltr'><strong>res</strong></span> <span class='ocrx_word' id='word_1_63' title='bbox 396 1583 523 1670; x_wconf 88' lang='lat' dir='ltr'><strong>opimae</strong></span> <span class='ocrx_word' id='word_1_64' title='bbox 546 1590 673 1669; x_wconf 90' lang='lat' dir='ltr'><strong>parant,</strong></span> <span class='ocrx_word' id='word_1_65' title='bbox 697 1581 855 1645; x_wconf 88' lang='lat' dir='ltr'><strong>adversae</strong></span> <span class='ocrx_word' id='word_1_66' title='bbox 877 1583 1030 1668; x_wconf 89' lang='lat' dir='ltr'><strong>probant.</strong></span> 
     </span>
     <span class='ocr_line' id='line_1_13' title="bbox 165 1683 891 1770; baseline -0.003 -19"><span class='ocrx_word' id='word_1_67' title='bbox 165 1687 319 1751; x_wconf 88' lang='lat' dir='ltr'><strong>Amicum</strong></span> <span class='ocrx_word' id='word_1_68' title='bbox 341 1684 469 1748; x_wconf 90' lang='lat' dir='ltr'><strong>laedere</strong></span> <span class='ocrx_word' id='word_1_69' title='bbox 491 1705 532 1746; x_wconf 92' lang='lat' dir='ltr'><strong>ne</strong></span> <span class='ocrx_word' id='word_1_70' title='bbox 554 1684 625 1747; x_wconf 92' lang='lat' dir='ltr'><strong>ioco</strong></span> <span class='ocrx_word' id='word_1_71' title='bbox 649 1683 782 1770; x_wconf 89' lang='lat' dir='ltr'><strong>quidem</strong></span> <span class='ocrx_word' id='word_1_72' title='bbox 804 1683 891 1749; x_wconf 86' lang='lat' dir='ltr'><strong>licet.</strong></span> 
     </span>
     <span class='ocr_line' id='line_1_14' title="bbox 165 1785 977 1874; baseline -0.001 -21"><span class='ocrx_word' id='word_1_73' title='bbox 165 1790 317 1853; x_wconf 90' lang='lat' dir='ltr'><strong>Amicum</strong></span> <span class='ocrx_word' id='word_1_74' title='bbox 340 1785 476 1874; x_wconf 86' lang='lat' dir='ltr'><strong>perdere</strong></span> <span class='ocrx_word' id='word_1_75' title='bbox 500 1793 549 1849; x_wconf 86' lang='lat' dir='ltr'><strong>est</strong></span> <span class='ocrx_word' id='word_1_76' title='bbox 572 1785 765 1849; x_wconf 89' lang='lat' dir='ltr'><strong>damnorum</strong></span> <span class='ocrx_word' id='word_1_77' title='bbox 787 1787 977 1852; x_wconf 87' lang='lat' dir='ltr'><strong>maximum.</strong></span> 
     </span>
     <span class='ocr_line' id='line_1_15' title="bbox 94 1888 920 1974; baseline -0.002 -19"><span class='ocrx_word' id='word_1_78' title='bbox 94 1899 139 1957; x_wconf 85' lang='lat'><strong>25</strong></span> <span class='ocrx_word' id='word_1_79' title='bbox 163 1892 299 1956; x_wconf 89' lang='lat' dir='ltr'><strong>Amicus</strong></span> <span class='ocrx_word' id='word_1_80' title='bbox 324 1912 361 1954; x_wconf 93' lang='lat' dir='ltr'><strong>eo</strong></span> <span class='ocrx_word' id='word_1_81' title='bbox 383 1889 488 1973; x_wconf 85' lang='lat' dir='ltr'><strong>magis</strong></span> <span class='ocrx_word' id='word_1_82' title='bbox 512 1888 615 1970; x_wconf 84' lang='lat' dir='ltr'><strong>deest,</strong></span> <span class='ocrx_word' id='word_1_83' title='bbox 639 1888 726 1974; x_wconf 91' lang='lat' dir='ltr'><strong>quod</strong></span> <span class='ocrx_word' id='word_1_84' title='bbox 748 1888 795 1951; x_wconf 92' lang='lat' dir='ltr'><strong>nil</strong></span> <span class='ocrx_word' id='word_1_85' title='bbox 816 1889 920 1953; x_wconf 88' lang='lat' dir='ltr'><strong>abest.</strong></span> 
     </span>
     <span class='ocr_line' id='line_1_16' title="bbox 164 1990 880 2076; baseline -0.004 -19"><span class='ocrx_word' id='word_1_86' title='bbox 164 1994 266 2057; x_wconf 89' lang='lat' dir='ltr'><strong>Amor</strong></span> <span class='ocrx_word' id='word_1_87' title='bbox 288 1991 419 2056; x_wconf 80' lang='lat' dir='ltr'><strong>misceri</strong></span> <span class='ocrx_word' id='word_1_88' title='bbox 442 2012 514 2054; x_wconf 86' lang='lat' dir='ltr'><strong>oum</strong></span> <span class='ocrx_word' id='word_1_89' title='bbox 537 1990 655 2055; x_wconf 90' lang='lat' dir='ltr'><strong>timore</strong></span> <span class='ocrx_word' id='word_1_90' title='bbox 675 2011 741 2055; x_wconf 91' lang='lat' dir='ltr'><strong>non</strong></span> <span class='ocrx_word' id='word_1_91' title='bbox 763 1999 880 2076; x_wconf 90' lang='lat' dir='ltr'><strong>potest.</strong></span> 
     </span>
     <span class='ocr_line' id='line_1_17' title="bbox 162 2093 1011 2178; baseline -0.001 -20"><span class='ocrx_word' id='word_1_92' title='bbox 162 2095 217 2159; x_wconf 93' lang='lat' dir='ltr'><strong>An</strong></span> <span class='ocrx_word' id='word_1_93' title='bbox 240 2095 333 2158; x_wconf 87' lang='lat' dir='ltr'><strong>dives</strong></span> <span class='ocrx_word' id='word_1_94' title='bbox 356 2114 467 2158; x_wconf 88' lang='lat' dir='ltr'><strong>omnes</strong></span> <span class='ocrx_word' id='word_1_95' title='bbox 491 2093 688 2178; x_wconf 85' lang='lat' dir='ltr'><strong>quaerimus,</strong></span> <span class='ocrx_word' id='word_1_96' title='bbox 711 2114 806 2158; x_wconf 88' lang='lat' dir='ltr'><strong>nemo</strong></span> <span class='ocrx_word' id='word_1_97' title='bbox 829 2115 872 2156; x_wconf 91' lang='lat' dir='ltr'><strong>an</strong></span> <span class='ocrx_word' id='word_1_98' title='bbox 893 2093 1011 2159; x_wconf 87' lang='lat' dir='ltr'><strong>bonus.</strong></span> 
     </span>
     <span class='ocr_line' id='line_1_18' title="bbox 160 2195 848 2283; baseline -0.004 -21"><span class='ocrx_word' id='word_1_99' title='bbox 160 2198 319 2283; x_wconf 85' lang='lat' dir='ltr'><strong>Angusta</strong></span> <span class='ocrx_word' id='word_1_100' title='bbox 335 2195 463 2282; x_wconf 88' lang='lat' dir='ltr'><strong>capitur</strong></span> <span class='ocrx_word' id='word_1_101' title='bbox 486 2195 588 2259; x_wconf 87' lang='lat' dir='ltr'><strong>tutior</strong></span> <span class='ocrx_word' id='word_1_102' title='bbox 609 2216 723 2276; x_wconf 89' lang='lat' dir='ltr'><strong>mensa</strong></span> <span class='ocrx_word' id='word_1_103' title='bbox 746 2195 848 2259; x_wconf 89' lang='lat' dir='ltr'><strong>cibus.</strong></span> 
     </span>
     <span class='ocr_line' id='line_1_19' title="bbox 161 2297 1210 2385; baseline 0.001 -22"><span class='ocrx_word' id='word_1_104' title='bbox 161 2299 274 2363; x_wconf 92' lang='lat' dir='ltr'><strong>Animi</strong></span> <span class='ocrx_word' id='word_1_105' title='bbox 296 2311 483 2381; x_wconf 87' lang='lat' dir='ltr'><strong>motuseos</strong></span> <span class='ocrx_word' id='word_1_106' title='bbox 504 2305 656 2383; x_wconf 87' lang='lat' dir='ltr'><strong>putamus</strong></span> <span class='ocrx_word' id='word_1_107' title='bbox 680 2297 869 2362; x_wconf 89' lang='lat' dir='ltr'><strong>sanissimos</strong></span> <span class='ocrx_word' id='word_1_108' title='bbox 894 2298 1210 2385; x_wconf 86' lang='lat' dir='ltr'><strong>validissimosque,</strong></span> 
     </span>
     <span class='ocr_line' id='line_1_20' title="bbox 513 2399 1224 2484; baseline 0.006 -23"><span class='ocrx_word' id='word_1_109' title='bbox 513 2399 570 2484; x_wconf 91' lang='lat' dir='ltr'><strong>qui</strong></span> <span class='ocrx_word' id='word_1_110' title='bbox 592 2408 702 2463; x_wconf 90' lang='lat' dir='ltr'><strong>nostro</strong></span> <span class='ocrx_word' id='word_1_111' title='bbox 724 2399 873 2482; x_wconf 90' lang='lat' dir='ltr'><strong>arbitrio,</strong></span> <span class='ocrx_word' id='word_1_112' title='bbox 896 2421 962 2464; x_wconf 91' lang='lat' dir='ltr'><strong>non</strong></span> <span class='ocrx_word' id='word_1_113' title='bbox 984 2424 1042 2466; x_wconf 91' lang='lat' dir='ltr'><strong>suo</strong></span> <span class='ocrx_word' id='word_1_114' title='bbox 1065 2401 1224 2468; x_wconf 81' lang='lat' dir='ltr'><strong>feruntur.</strong></span> 
     </span>
     <span class='ocr_line' id='line_1_21' title="bbox 94 2499 1080 2587; baseline -0.002 -18"><span class='ocrx_word' id='word_1_115' title='bbox 94 2512 139 2569; x_wconf 87' lang='lat'><strong>30</strong></span> <span class='ocrx_word' id='word_1_116' title='bbox 161 2503 300 2568; x_wconf 91' lang='lat' dir='ltr'><strong>Animus</strong></span> <span class='ocrx_word' id='word_1_117' title='bbox 323 2501 476 2583; x_wconf 90' lang='lat' dir='ltr'><strong>hominis,</strong></span> <span class='ocrx_word' id='word_1_118' title='bbox 501 2499 660 2586; x_wconf 89' lang='lat' dir='ltr'><strong>quidquid</strong></span> <span class='ocrx_word' id='word_1_119' title='bbox 683 2500 748 2567; x_wconf 91' lang='lat' dir='ltr'><strong>sibi</strong></span> <span class='ocrx_word' id='word_1_120' title='bbox 769 2502 920 2587; x_wconf 90' lang='lat' dir='ltr'><strong>imperat,</strong></span> <span class='ocrx_word' id='word_1_121' title='bbox 944 2502 1080 2568; x_wconf 88' lang='lat' dir='ltr'><strong>obtinet.</strong></span> 
     </span>
     <span class='ocr_line' id='line_1_22' title="bbox 160 2601 782 2685; baseline 0 -16"><span class='ocrx_word' id='word_1_122' title='bbox 160 2606 317 2669; x_wconf 88' lang='lat' dir='ltr'><strong>Annosus</strong></span> <span class='ocrx_word' id='word_1_123' title='bbox 339 2626 404 2668; x_wconf 92' lang='lat' dir='ltr'><strong>non</strong></span> <span class='ocrx_word' id='word_1_124' title='bbox 428 2603 486 2666; x_wconf 91' lang='lat' dir='ltr'><strong>diu</strong></span> <span class='ocrx_word' id='word_1_125' title='bbox 507 2603 605 2685; x_wconf 82' lang='lat' dir='ltr'><strong>vixit,</strong></span> <span class='ocrx_word' id='word_1_126' title='bbox 629 2602 687 2666; x_wconf 91' lang='lat' dir='ltr'><strong>diu</strong></span> <span class='ocrx_word' id='word_1_127' title='bbox 709 2601 782 2669; x_wconf 86' lang='lat' dir='ltr'><strong>fuit.</strong></span> 
     </span>
     <span class='ocr_line' id='line_1_23' title="bbox 160 2688 845 2790; baseline -0.003 -18"><span class='ocrx_word' id='word_1_128' title='bbox 160 2708 290 2772; x_wconf 87' lang='lat' dir='ltr'><strong>Arbore</strong></span> <span class='ocrx_word' id='word_1_129' title='bbox 313 2688 440 2770; x_wconf 75' lang='lat' dir='ltr'><strong>deicola</strong></span> <span class='ocrx_word' id='word_1_130' title='bbox 463 2705 553 2789; x_wconf 80' lang='lat' dir='ltr'><strong>ligna</strong></span> <span class='ocrx_word' id='word_1_131' title='bbox 576 2705 685 2790; x_wconf 85' lang='lat' dir='ltr'><strong>quivis</strong></span> <span class='ocrx_word' id='word_1_132' title='bbox 709 2704 845 2790; x_wconf 83' lang='lat' dir='ltr'><strong>colligit.</strong></span> 
     </span>
     <span class='ocr_line' id='line_1_24' title="bbox 151 2806 953 2890; baseline 0 -18"><span class='ocrx_word' id='word_1_133' title='bbox 151 2810 283 2873; x_wconf 38' lang='lat' dir='ltr'><strong>&gt;Arcum</strong></span> <span class='ocrx_word' id='word_1_134' title='bbox 305 2808 444 2872; x_wconf 90' lang='lat' dir='ltr'><strong>intentio</strong></span> <span class='ocrx_word' id='word_1_135' title='bbox 468 2806 603 2890; x_wconf 85' lang='lat' dir='ltr'><strong>frangit,</strong></span> <span class='ocrx_word' id='word_1_136' title='bbox 626 2807 770 2871; x_wconf 92' lang='lat' dir='ltr'><strong>animum</strong></span> <span class='ocrx_word' id='word_1_137' title='bbox 792 2808 953 2875; x_wconf 85' lang='lat' dir='ltr'><strong>remissio.</strong></span> 
     </span>
     <span class='ocr_line' id='line_1_25' title="bbox 160 2907 1027 2998; baseline 0 -23"><span class='ocrx_word' id='word_1_138' title='bbox 160 2912 226 2975; x_wconf 91' lang='lat' dir='ltr'><strong>Ars</strong></span> <span class='ocrx_word' id='word_1_139' title='bbox 248 2932 314 2974; x_wconf 92' lang='lat' dir='ltr'><strong>non</strong></span> <span class='ocrx_word' id='word_1_140' title='bbox 338 2931 375 2972; x_wconf 92' lang='lat' dir='ltr'><strong>ea</strong></span> <span class='ocrx_word' id='word_1_141' title='bbox 397 2919 458 2994; x_wconf 89' lang='lat' dir='ltr'><strong>est,</strong></span> <span class='ocrx_word' id='word_1_142' title='bbox 482 2930 566 2995; x_wconf 89' lang='lat' dir='ltr'><strong>quae</strong></span> <span class='ocrx_word' id='word_1_143' title='bbox 587 2907 631 2971; x_wconf 93' lang='lat' dir='ltr'><strong>ad</strong></span> <span class='ocrx_word' id='word_1_144' title='bbox 654 2909 803 2974; x_wconf 88' lang='lat' dir='ltr'><strong>effectum</strong></span> <span class='ocrx_word' id='word_1_145' title='bbox 828 2932 905 2976; x_wconf 89' lang='lat' dir='ltr'><strong>casu</strong></span> <span class='ocrx_word' id='word_1_146' title='bbox 927 2912 1027 2998; x_wconf 82' lang='lat' dir='ltr'><strong>venit.</strong></span> 
     </span>
     <span class='ocr_line' id='line_1_26' title="bbox 96 3010 859 3097; baseline 0 -19"><span class='ocrx_word' id='word_1_147' title='bbox 96 3019 137 3078; x_wconf 90' lang='lat'><strong>35</strong></span> <span class='ocrx_word' id='word_1_148' title='bbox 160 3011 306 3078; x_wconf 85' lang='lat' dir='ltr'><strong>Assidua</strong></span> <span class='ocrx_word' id='word_1_149' title='bbox 328 3010 455 3097; x_wconf 90' lang='lat' dir='ltr'><strong>pondus</strong></span> <span class='ocrx_word' id='word_1_150' title='bbox 477 3034 544 3077; x_wconf 91' lang='lat' dir='ltr'><strong>non</strong></span> <span class='ocrx_word' id='word_1_151' title='bbox 566 3011 667 3076; x_wconf 89' lang='lat' dir='ltr'><strong>habet</strong></span> <span class='ocrx_word' id='word_1_152' title='bbox 688 3013 859 3078; x_wconf 85' lang='lat' dir='ltr'><strong>severitas.</strong></span> 
     </span>
     <span class='ocr_line' id='line_1_27' title="bbox 159 3111 836 3180; baseline 0.001 -2"><span class='ocrx_word' id='word_1_153' title='bbox 159 3116 289 3178; x_wconf 79' lang='lat' dir='ltr'><strong>Avarus</strong></span> <span class='ocrx_word' id='word_1_154' title='bbox 312 3114 441 3178; x_wconf 90' lang='lat' dir='ltr'><strong>animus</strong></span> <span class='ocrx_word' id='word_1_155' title='bbox 464 3111 553 3178; x_wconf 92' lang='lat' dir='ltr'><strong>nullo</strong></span> <span class='ocrx_word' id='word_1_156' title='bbox 576 3115 714 3179; x_wconf 90' lang='lat' dir='ltr'><strong>satiatur</strong></span> <span class='ocrx_word' id='word_1_157' title='bbox 736 3113 836 3180; x_wconf 85' lang='lat' dir='ltr'><strong>lucro.</strong></span> 
     </span>
    </p>
   </div>
   <div class='ocr_carea' id='block_1_3' title="bbox 67 3341 1219 4524">
    <p class='ocr_par' dir='ltr' id='par_1_3' title="bbox 174 3341 1218 3420">
     <span class='ocr_line' id='line_1_28' title="bbox 174 3341 1218 3420; baseline 0.005 -23"><span class='ocrx_word' id='word_1_158' title='bbox 174 3342 212 3398; x_wconf 92' lang='lat'><strong>13</strong></span> <span class='ocrx_word' id='word_1_159' title='bbox 237 3342 287 3399; x_wconf 67' lang='grc' dir='ltr'><strong>(ἕο.</strong></span> <span class='ocrx_word' id='word_1_160' title='bbox 304 3341 366 3398; x_wconf 83' lang='lat' dir='ltr'><strong>Seu.</strong></span> <span class='ocrx_word' id='word_1_161' title='bbox 388 3341 421 3397; x_wconf 88' lang='lat' dir='ltr'><strong>de</strong></span> <span class='ocrx_word' id='word_1_162' title='bbox 441 3341 518 3398; x_wconf 89' lang='lat' dir='ltr'><strong>clem.</strong></span> <span class='ocrx_word' id='word_1_163' title='bbox 540 3344 572 3416; x_wconf 89' lang='lat'><strong>1,</strong></span> <span class='ocrx_word' id='word_1_164' title='bbox 591 3342 640 3415; x_wconf 94' lang='grc'><strong>17,</strong></span> <span class='ocrx_word' id='word_1_165' title='bbox 657 3343 675 3398; x_wconf 92' lang='grc'>2</span> <span class='ocrx_word' id='word_1_166' title='bbox 777 3343 817 3400; x_wconf 86' lang='grc'><strong>14</strong></span> <span class='ocrx_word' id='word_1_167' title='bbox 840 3344 895 3401; x_wconf 86' lang='grc' dir='ltr'><strong>Βο.</strong></span> <span class='ocrx_word' id='word_1_168' title='bbox 911 3342 1038 3400; x_wconf 87' lang='lat' dir='ltr'><strong>Erasmus</strong></span> <span class='ocrx_word' id='word_1_169' title='bbox 1053 3346 1081 3399; x_wconf 92' lang='lat' dir='ltr'><strong>in</strong></span> <span class='ocrx_word' id='word_1_170' title='bbox 1097 3344 1218 3420; x_wconf 81' lang='lat' dir='ltr'><strong>Adogiis.</strong></span> 
     </span>
    </p>

    <p class='ocr_par' dir='ltr' id='par_1_4' title="bbox 70 3414 1219 3586">
     <span class='ocr_line' id='line_1_29' title="bbox 70 3414 1219 3502; baseline 0.003 -19"><span class='ocrx_word' id='word_1_171' title='bbox 70 3427 149 3484; x_wconf 88' lang='lat' dir='ltr'><strong>Pind.</strong></span> <span class='ocrx_word' id='word_1_172' title='bbox 174 3427 279 3501; x_wconf 88' lang='lat' dir='ltr'><strong>Olymp.</strong></span> <span class='ocrx_word' id='word_1_173' title='bbox 304 3427 416 3498; x_wconf 89' lang='grc'><strong>1,112</strong></span> <span class='ocrx_word' id='word_1_174' title='bbox 438 3418 486 3481; x_wconf 78' lang='grc' dir='ltr'><strong>ἐπ’</strong></span> <span class='ocrx_word' id='word_1_175' title='bbox 508 3414 623 3484; x_wconf 70' lang='lat' dir='ltr'><strong>illicior</strong></span> <span class='ocrx_word' id='word_1_176' title='bbox 646 3419 673 3481; x_wconf 80' lang='grc' dir='ltr'><strong>δ’</strong></span> <span class='ocrx_word' id='word_1_177' title='bbox 697 3415 781 3482; x_wconf 72' lang='grc' dir='ltr'><strong><em>ἄλλοι</em></strong></span> <span class='ocrx_word' id='word_1_178' title='bbox 801 3419 922 3502; x_wconf 78' lang='grc' dir='ltr'><em>μεγάλοι</em></span> <span class='ocrx_word' id='word_1_179' title='bbox 1019 3428 1057 3485; x_wconf 98' lang='grc'><strong>15</strong></span> <span class='ocrx_word' id='word_1_180' title='bbox 1082 3428 1127 3486; x_wconf 84' lang='lat' dir='ltr'><strong>Ps.</strong></span> <span class='ocrx_word' id='word_1_181' title='bbox 1144 3429 1219 3487; x_wconf 85' lang='lat' dir='ltr'><strong>Caco.</strong></span> 
     </span>
     <span class='ocr_line' id='line_1_30' title="bbox 71 3512 1137 3586; baseline 0.002 -18"><span class='ocrx_word' id='word_1_182' title='bbox 71 3513 145 3568; x_wconf 85' lang='lat' dir='ltr'><strong>Balb.</strong></span> <span class='ocrx_word' id='word_1_183' title='bbox 163 3513 234 3568; x_wconf 89' lang='lat' dir='ltr'><strong>Mon.</strong></span> <span class='ocrx_word' id='word_1_184' title='bbox 254 3513 282 3584; x_wconf 95' lang='grc'><strong>1,</strong></span> <span class='ocrx_word' id='word_1_185' title='bbox 301 3513 348 3569; x_wconf 92' lang='grc'><strong>16.</strong></span> <span class='ocrx_word' id='word_1_186' title='bbox 365 3512 449 3569; x_wconf 86' lang='lat' dir='ltr'><strong>Paris.</strong></span> <span class='ocrx_word' id='word_1_187' title='bbox 466 3513 507 3570; x_wconf 88' lang='grc'><strong>60</strong></span> <span class='ocrx_word' id='word_1_188' title='bbox 594 3514 632 3570; x_wconf 89' lang='grc'><strong>16</strong></span> <span class='ocrx_word' id='word_1_189' title='bbox 657 3513 698 3569; x_wconf 82' lang='lat' dir='ltr'><strong>Gr</strong></span> <span class='ocrx_word' id='word_1_190' title='bbox 714 3513 742 3572; x_wconf 92' lang='lat'><strong>2.</strong></span> <span class='ocrx_word' id='word_1_191' title='bbox 758 3513 833 3569; x_wconf 78' lang='lat' dir='ltr'><strong>Coeo.</strong></span> <span class='ocrx_word' id='word_1_192' title='bbox 853 3513 1011 3569; x_wconf 65' lang='grc'><strong>1111111.</strong></span> <span class='ocrx_word' id='word_1_193' title='bbox 1031 3513 1080 3586; x_wconf 91' lang='grc'><strong>15,</strong></span> <span class='ocrx_word' id='word_1_194' title='bbox 1099 3514 1137 3570; x_wconf 91' lang='grc'><strong>19</strong></span> 
     </span>
    </p>

    <p class='ocr_par' dir='ltr' id='par_1_5' title="bbox 72 3597 1219 3673">
     <span class='ocr_line' id='line_1_31' title="bbox 72 3597 1219 3673; baseline 0.001 -16"><span class='ocrx_word' id='word_1_195' title='bbox 72 3599 112 3658; x_wconf 93' lang='grc'><strong>17</strong></span> <span class='ocrx_word' id='word_1_196' title='bbox 137 3598 185 3654; x_wconf 80' lang='lat' dir='ltr'><strong>Pr.</strong></span> <span class='ocrx_word' id='word_1_197' title='bbox 201 3597 334 3671; x_wconf 84' lang='lat' dir='ltr'><strong>Porphyr.</strong></span> <span class='ocrx_word' id='word_1_198' title='bbox 349 3597 381 3653; x_wconf 87' lang='lat' dir='ltr'><strong>ad</strong></span> <span class='ocrx_word' id='word_1_199' title='bbox 398 3597 464 3655; x_wconf 83' lang='lat' dir='ltr'><strong>lior.</strong></span> <span class='ocrx_word' id='word_1_200' title='bbox 482 3598 568 3654; x_wconf 88' lang='lat' dir='ltr'><strong>Serm.</strong></span> <span class='ocrx_word' id='word_1_201' title='bbox 585 3600 619 3671; x_wconf 89' lang='lat'><strong>1,</strong></span> <span class='ocrx_word' id='word_1_202' title='bbox 634 3599 663 3670; x_wconf 90' lang='lat'><strong>3,</strong></span> <span class='ocrx_word' id='word_1_203' title='bbox 681 3599 729 3655; x_wconf 93' lang='lat'><strong>29.</strong></span> <span class='ocrx_word' id='word_1_204' title='bbox 762 3598 908 3672; x_wconf 83' lang='lat' dir='ltr'><strong>Suringar,</strong></span> <span class='ocrx_word' id='word_1_205' title='bbox 926 3599 989 3653; x_wconf 85' lang='lat' dir='ltr'><strong>hist.</strong></span> <span class='ocrx_word' id='word_1_206' title='bbox 1005 3599 1065 3654; x_wconf 85' lang='lat' dir='ltr'><strong>crit.</strong></span> <span class='ocrx_word' id='word_1_207' title='bbox 1083 3598 1170 3656; x_wconf 90' lang='lat' dir='ltr'><strong>schol.</strong></span> <span class='ocrx_word' id='word_1_208' title='bbox 1188 3600 1219 3673; x_wconf 87' lang='lat'><strong>3,</strong></span> 
     </span>
    </p>

    <p class='ocr_par' dir='ltr' id='par_1_6' title="bbox 71 3678 1216 3756">
     <span class='ocr_line' id='line_1_32' title="bbox 71 3678 1216 3756; baseline 0.003 -18"><span class='ocrx_word' id='word_1_209' title='bbox 71 3683 123 3753; x_wconf 86' lang='lat'><strong>20,</strong></span> <span class='ocrx_word' id='word_1_210' title='bbox 141 3678 316 3738; x_wconf 86' lang='lat' dir='ltr'><strong>Schenkclius</strong></span> <span class='ocrx_word' id='word_1_211' title='bbox 331 3683 468 3756; x_wconf 77' lang='lat' dir='ltr'><strong>philologi</strong></span> <span class='ocrx_word' id='word_1_212' title='bbox 485 3683 537 3739; x_wconf 90' lang='lat' dir='ltr'><strong>vol.</strong></span> <span class='ocrx_word' id='word_1_213' title='bbox 549 3683 669 3755; x_wconf 89' lang='grc'><strong>21,545</strong></span> <span class='ocrx_word' id='word_1_214' title='bbox 741 3684 778 3740; x_wconf 95' lang='grc'><strong>18</strong></span> <span class='ocrx_word' id='word_1_215' title='bbox 796 3684 845 3739; x_wconf 85' lang='lat' dir='ltr'><strong>Gr.</strong></span> <span class='ocrx_word' id='word_1_216' title='bbox 859 3682 933 3739; x_wconf 83' lang='lat' dir='ltr'><strong>Caco.</strong></span> <span class='ocrx_word' id='word_1_217' title='bbox 948 3682 1216 3756; x_wconf 85' lang='lat' dir='ltr'><strong>Balb.ltlon.15,19</strong></span> 
     </span>
    </p>

    <p class='ocr_par' dir='ltr' id='par_1_7' title="bbox 122 3767 1217 3842">
     <span class='ocr_line' id='line_1_33' title="bbox 122 3767 1217 3842; baseline 0.004 -19"><span class='ocrx_word' id='word_1_218' title='bbox 122 3767 159 3823; x_wconf 87' lang='lat'><strong>19</strong></span> <span class='ocrx_word' id='word_1_219' title='bbox 177 3768 224 3824; x_wconf 79' lang='lat' dir='ltr'><strong>Ps.</strong></span> <span class='ocrx_word' id='word_1_220' title='bbox 283 3767 323 3825; x_wconf 91' lang='grc'>20</span> <span class='ocrx_word' id='word_1_221' title='bbox 336 3768 643 3842; x_wconf 81' lang='lat' dir='ltr'><strong>Ps.Sen.cpist.35,1</strong></span> <span class='ocrx_word' id='word_1_222' title='bbox 708 3767 747 3824; x_wconf 90' lang='lat'><strong>21</strong></span> <span class='ocrx_word' id='word_1_223' title='bbox 764 3769 806 3824; x_wconf 85' lang='lat' dir='ltr'><strong>Gr</strong></span> <span class='ocrx_word' id='word_1_224' title='bbox 822 3767 849 3823; x_wconf 91' lang='lat'><strong>2.</strong></span> <span class='ocrx_word' id='word_1_225' title='bbox 863 3767 938 3824; x_wconf 82' lang='lat' dir='ltr'><strong>Caec.</strong></span> <span class='ocrx_word' id='word_1_226' title='bbox 953 3767 1025 3825; x_wconf 86' lang='lat' dir='ltr'><strong>Balb.</strong></span> <span class='ocrx_word' id='word_1_227' title='bbox 1037 3767 1217 3842; x_wconf 84' lang='lat' dir='ltr'><strong>Mon.15,18</strong></span> 
     </span>
    </p>

    <p class='ocr_par' dir='ltr' id='par_1_8' title="bbox 157 3851 1216 3926">
     <span class='ocr_line' id='line_1_34' title="bbox 157 3851 1216 3926; baseline 0.005 -19"><span class='ocrx_word' id='word_1_228' title='bbox 157 3852 195 3907; x_wconf 94' lang='grc'><strong>22</strong></span> <span class='ocrx_word' id='word_1_229' title='bbox 220 3853 253 3907; x_wconf 84' lang='grc' dir='ltr'><strong>Ε.</strong></span> <span class='ocrx_word' id='word_1_230' title='bbox 270 3851 303 3907; x_wconf 91' lang='lat' dir='ltr'><strong>de</strong></span> <span class='ocrx_word' id='word_1_231' title='bbox 318 3870 387 3910; x_wconf 88' lang='lat' dir='ltr'><strong>mor.</strong></span> <span class='ocrx_word' id='word_1_232' title='bbox 404 3852 441 3910; x_wconf 91' lang='grc'><strong>51</strong></span> <span class='ocrx_word' id='word_1_233' title='bbox 524 3854 563 3911; x_wconf 89' lang='grc'>23</span> <span class='ocrx_word' id='word_1_234' title='bbox 586 3853 635 3910; x_wconf 80' lang='lat' dir='ltr'><strong>Pr.</strong></span> <span class='ocrx_word' id='word_1_235' title='bbox 652 3853 726 3909; x_wconf 84' lang='lat' dir='ltr'><strong>Caes.</strong></span> <span class='ocrx_word' id='word_1_236' title='bbox 744 3853 815 3909; x_wconf 89' lang='lat' dir='ltr'><strong>Balb.</strong></span> <span class='ocrx_word' id='word_1_237' title='bbox 833 3853 904 3910; x_wconf 89' lang='lat' dir='ltr'><strong>Mon.</strong></span> <span class='ocrx_word' id='word_1_238' title='bbox 924 3853 972 3926; x_wconf 89' lang='grc'><strong>15,</strong></span> <span class='ocrx_word' id='word_1_239' title='bbox 991 3853 1029 3911; x_wconf 88' lang='grc'><strong>16</strong></span> <span class='ocrx_word' id='word_1_240' title='bbox 1103 3852 1142 3909; x_wconf 89' lang='grc'>24</span> <span class='ocrx_word' id='word_1_241' title='bbox 1166 3855 1216 3912; x_wconf 83' lang='lat' dir='ltr'><strong>Ps.</strong></span> 
     </span>
    </p>

    <p class='ocr_par' dir='ltr' id='par_1_9' title="bbox 71 3937 1219 4011">
     <span class='ocr_line' id='line_1_35' title="bbox 71 3937 1219 4011; baseline 0.004 -19"><span class='ocrx_word' id='word_1_242' title='bbox 71 3939 136 3993; x_wconf 88' lang='lat' dir='ltr'><strong>Sen.</strong></span> <span class='ocrx_word' id='word_1_243' title='bbox 155 3939 234 4011; x_wconf 86' lang='lat' dir='ltr'><strong>epist.</strong></span> <span class='ocrx_word' id='word_1_244' title='bbox 252 3937 307 4007; x_wconf 87' lang='lat'><strong>99,</strong></span> <span class='ocrx_word' id='word_1_245' title='bbox 325 3938 343 3994; x_wconf 89' lang='lat'><strong>3</strong></span> <span class='ocrx_word' id='word_1_246' title='bbox 428 3937 467 3994; x_wconf 91' lang='grc'><strong>25</strong></span> <span class='ocrx_word' id='word_1_247' title='bbox 489 3940 538 3995; x_wconf 77' lang='lat' dir='ltr'><strong>Pa</strong></span> <span class='ocrx_word' id='word_1_248' title='bbox 555 3938 618 3994; x_wconf 88' lang='lat' dir='ltr'><strong>Sen.</strong></span> <span class='ocrx_word' id='word_1_249' title='bbox 640 3939 673 3994; x_wconf 89' lang='lat' dir='ltr'><strong>de</strong></span> <span class='ocrx_word' id='word_1_250' title='bbox 695 3938 782 3995; x_wconf 82' lang='lat' dir='ltr'><strong>benef.</strong></span> <span class='ocrx_word' id='word_1_251' title='bbox 801 3938 834 4010; x_wconf 96' lang='grc'><strong>6,</strong></span> <span class='ocrx_word' id='word_1_252' title='bbox 852 3938 908 4011; x_wconf 89' lang='grc'>29,</span> <span class='ocrx_word' id='word_1_253' title='bbox 925 3939 952 3994; x_wconf 92' lang='grc'>2.</span> <span class='ocrx_word' id='word_1_254' title='bbox 982 3939 1089 3995; x_wconf 80' lang='lat' dir='ltr'><strong>Amicis</strong></span> <span class='ocrx_word' id='word_1_255' title='bbox 1104 3955 1136 3996; x_wconf 86' lang='lat' dir='ltr'><strong>cc</strong></span> <span class='ocrx_word' id='word_1_256' title='bbox 1151 3942 1219 3997; x_wconf 83' lang='lat' dir='ltr'><strong>dces</strong></span> 
     </span>
    </p>

    <p class='ocr_par' dir='ltr' id='par_1_10' title="bbox 69 4022 1215 4182">
     <span class='ocr_line' id='line_1_36' title="bbox 69 4022 1215 4097; baseline 0.003 -18"><span class='ocrx_word' id='word_1_257' title='bbox 69 4027 171 4096; x_wconf 64' lang='lat' dir='ltr'><strong>magiis,</strong></span> <span class='ocrx_word' id='word_1_258' title='bbox 188 4039 243 4095; x_wconf 83' lang='lat' dir='ltr'><strong>quo</strong></span> <span class='ocrx_word' id='word_1_259' title='bbox 260 4022 330 4079; x_wconf 76' lang='lat' dir='ltr'><strong>nihil</strong></span> <span class='ocrx_word' id='word_1_260' title='bbox 344 4024 443 4093; x_wconf 77' lang='lat' dir='ltr'><strong>habes,</strong></span> <span class='ocrx_word' id='word_1_261' title='bbox 459 4023 537 4079; x_wconf 85' lang='lat' dir='ltr'><strong>aliter</strong></span> <span class='ocrx_word' id='word_1_262' title='bbox 595 4023 634 4080; x_wconf 91' lang='grc'><strong>26</strong></span> <span class='ocrx_word' id='word_1_263' title='bbox 657 4024 704 4079; x_wconf 78' lang='lat' dir='ltr'><strong>Pr.</strong></span> <span class='ocrx_word' id='word_1_264' title='bbox 722 4023 783 4080; x_wconf 87' lang='lat' dir='ltr'><strong>Seu.</strong></span> <span class='ocrx_word' id='word_1_265' title='bbox 800 4040 843 4097; x_wconf 91' lang='lat' dir='ltr'><strong>ep.</strong></span> <span class='ocrx_word' id='word_1_266' title='bbox 860 4023 966 4096; x_wconf 85' lang='grc'><strong>47,18</strong></span> <span class='ocrx_word' id='word_1_267' title='bbox 1021 4023 1060 4080; x_wconf 92' lang='grc'><strong>27</strong></span> <span class='ocrx_word' id='word_1_268' title='bbox 1084 4026 1138 4081; x_wconf 84' lang='grc' dir='ltr'><strong>Βο.</strong></span> <span class='ocrx_word' id='word_1_269' title='bbox 1153 4024 1215 4082; x_wconf 89' lang='lat' dir='ltr'><strong>Sen.</strong></span> 
     </span>
     <span class='ocr_line' id='line_1_37' title="bbox 71 4105 1158 4182; baseline 0.003 -20"><span class='ocrx_word' id='word_1_270' title='bbox 71 4125 114 4182; x_wconf 87' lang='lat' dir='ltr'><strong>ep.</strong></span> <span class='ocrx_word' id='word_1_271' title='bbox 138 4105 255 4179; x_wconf 89' lang='grc'><strong>115,14</strong></span> <span class='ocrx_word' id='word_1_272' title='bbox 329 4106 368 4164; x_wconf 90' lang='grc'><strong>28</strong></span> <span class='ocrx_word' id='word_1_273' title='bbox 385 4108 708 4182; x_wconf 65' lang='grc' dir='ltr'><strong>Ρ1.8ε11.’1111111.452.</strong></span> <span class='ocrx_word' id='word_1_274' title='bbox 768 4108 806 4165; x_wconf 86' lang='grc'>29</span> <span class='ocrx_word' id='word_1_275' title='bbox 824 4111 860 4166; x_wconf 86' lang='lat' dir='ltr'><strong>R.</strong></span> <span class='ocrx_word' id='word_1_276' title='bbox 869 4108 974 4165; x_wconf 85' lang='lat' dir='ltr'><strong>Sende</strong></span> <span class='ocrx_word' id='word_1_277' title='bbox 985 4110 1023 4164; x_wconf 86' lang='lat' dir='ltr'><strong>ira</strong></span> <span class='ocrx_word' id='word_1_278' title='bbox 1033 4108 1062 4182; x_wconf 87' lang='lat'><strong>2,</strong></span> <span class='ocrx_word' id='word_1_279' title='bbox 1071 4108 1158 4180; x_wconf 85' lang='lat'><strong>35,2.</strong></span> 
     </span>
    </p>

    <p class='ocr_par' dir='ltr' id='par_1_11' title="bbox 69 4191 1217 4267">
     <span class='ocr_line' id='line_1_38' title="bbox 69 4191 1217 4267; baseline 0.005 -19"><span class='ocrx_word' id='word_1_280' title='bbox 69 4192 112 4250; x_wconf 90' lang='grc'><strong>30</strong></span> <span class='ocrx_word' id='word_1_281' title='bbox 128 4194 176 4249; x_wconf 77' lang='lat' dir='ltr'><strong>Pa.</strong></span> <span class='ocrx_word' id='word_1_282' title='bbox 192 4191 482 4265; x_wconf 83' lang='lat' dir='ltr'><strong>Se11.deira2,l2,4</strong></span> <span class='ocrx_word' id='word_1_283' title='bbox 560 4195 599 4251; x_wconf 91' lang='grc'><strong>31</strong></span> <span class='ocrx_word' id='word_1_284' title='bbox 624 4195 673 4250; x_wconf 87' lang='lat' dir='ltr'><strong>Gr.</strong></span> <span class='ocrx_word' id='word_1_285' title='bbox 685 4210 717 4249; x_wconf 84' lang='lat' dir='ltr'><strong>ex</strong></span> <span class='ocrx_word' id='word_1_286' title='bbox 732 4194 793 4251; x_wconf 88' lang='lat' dir='ltr'><strong>cod.</strong></span> <span class='ocrx_word' id='word_1_287' title='bbox 805 4194 861 4250; x_wconf 84' lang='lat' dir='ltr'><strong>Pal.</strong></span> <span class='ocrx_word' id='word_1_288' title='bbox 884 4194 946 4250; x_wconf 89' lang='lat' dir='ltr'><strong>Sen.</strong></span> <span class='ocrx_word' id='word_1_289' title='bbox 961 4193 1047 4250; x_wconf 87' lang='lat' dir='ltr'><strong>debr.</strong></span> <span class='ocrx_word' id='word_1_290' title='bbox 1061 4194 1217 4267; x_wconf 70' lang='lat' dir='ltr'><strong>vinomo</strong></span> 
     </span>
    </p>

    <p class='ocr_par' dir='ltr' id='par_1_12' title="bbox 150 4272 1217 4355">
     <span class='ocr_line' id='line_1_39' title="bbox 150 4272 1217 4355; baseline 0.003 -21"><span class='ocrx_word' id='word_1_291' title='bbox 150 4276 188 4334; x_wconf 89' lang='grc'>32</span> <span class='ocrx_word' id='word_1_292' title='bbox 212 4277 265 4335; x_wconf 86' lang='grc' dir='ltr'><strong>Βο.</strong></span> <span class='ocrx_word' id='word_1_293' title='bbox 282 4277 383 4333; x_wconf 84' lang='lat' dir='ltr'><strong>Erasm.</strong></span> <span class='ocrx_word' id='word_1_294' title='bbox 402 4278 485 4352; x_wconf 76' lang='lat' dir='ltr'><strong>Atlag.</strong></span> <span class='ocrx_word' id='word_1_295' title='bbox 504 4280 533 4352; x_wconf 89' lang='lat'><strong>3,</strong></span> <span class='ocrx_word' id='word_1_296' title='bbox 552 4280 579 4352; x_wconf 86' lang='lat'><strong>1,</strong></span> <span class='ocrx_word' id='word_1_297' title='bbox 596 4278 636 4336; x_wconf 82' lang='lat'><strong>85</strong></span> <span class='ocrx_word' id='word_1_298' title='bbox 652 4296 684 4334; x_wconf 82' lang='lat' dir='ltr'><strong>ex</strong></span> <span class='ocrx_word' id='word_1_299' title='bbox 700 4279 786 4338; x_wconf 85' lang='lat' dir='ltr'><strong>schol.</strong></span> <span class='ocrx_word' id='word_1_300' title='bbox 803 4280 917 4338; x_wconf 85' lang='lat' dir='ltr'><strong>Theocr.</strong></span> <span class='ocrx_word' id='word_1_301' title='bbox 955 4272 1055 4352; x_wconf 82' lang='grc' dir='ltr'><em>Δρυὸς</em></span> <span class='ocrx_word' id='word_1_302' title='bbox 1071 4273 1217 4355; x_wconf 79' lang='grc' dir='ltr'><strong><em>πεσούσης</em></strong></span> 
     </span>
    </p>

    <p class='ocr_par' dir='ltr' id='par_1_13' title="bbox 67 4348 1215 4524">
     <span class='ocr_line' id='line_1_40' title="bbox 67 4348 1215 4441; baseline 0.008 -23"><span class='ocrx_word' id='word_1_303' title='bbox 67 4358 129 4430; x_wconf 77' lang='grc' dir='ltr'><strong>πᾶς</strong></span> <span class='ocrx_word' id='word_1_304' title='bbox 143 4348 220 4437; x_wconf 74' lang='grc' dir='ltr'><strong>ἀνὴρ</strong></span> <span class='ocrx_word' id='word_1_305' title='bbox 235 4354 387 4431; x_wconf 82' lang='grc' dir='ltr'><strong><em>ξυλεύεται</em></strong></span> <span class='ocrx_word' id='word_1_306' title='bbox 467 4363 506 4421; x_wconf 87' lang='lat'><strong>33</strong></span> <span class='ocrx_word' id='word_1_307' title='bbox 530 4366 566 4421; x_wconf 88' lang='lat' dir='ltr'><strong>E.</strong></span> <span class='ocrx_word' id='word_1_308' title='bbox 582 4364 618 4420; x_wconf 85' lang='lat' dir='ltr'><strong>De</strong></span> <span class='ocrx_word' id='word_1_309' title='bbox 633 4381 701 4420; x_wconf 87' lang='lat' dir='ltr'><strong>mor.</strong></span> <span class='ocrx_word' id='word_1_310' title='bbox 719 4364 779 4421; x_wconf 88' lang='grc'><strong>138</strong></span> <span class='ocrx_word' id='word_1_311' title='bbox 859 4364 899 4421; x_wconf 87' lang='grc'><strong>34</strong></span> <span class='ocrx_word' id='word_1_312' title='bbox 923 4364 972 4421; x_wconf 75' lang='lat' dir='ltr'><strong>es.</strong></span> <span class='ocrx_word' id='word_1_313' title='bbox 988 4363 1051 4421; x_wconf 83' lang='lat' dir='ltr'><strong>San.</strong></span> <span class='ocrx_word' id='word_1_314' title='bbox 1068 4381 1111 4439; x_wconf 89' lang='lat' dir='ltr'><strong>ep.</strong></span> <span class='ocrx_word' id='word_1_315' title='bbox 1129 4364 1180 4441; x_wconf 88' lang='grc'>29,</span> <span class='ocrx_word' id='word_1_316' title='bbox 1197 4368 1215 4426; x_wconf 93' lang='grc'><strong>3</strong></span> 
     </span>
     <span class='ocr_line' id='line_1_41' title="bbox 155 4447 1140 4524; baseline 0.004 -20"><span class='ocrx_word' id='word_1_317' title='bbox 155 4447 195 4505; x_wconf 88' lang='grc'><strong>35</strong></span> <span class='ocrx_word' id='word_1_318' title='bbox 219 4450 272 4510; x_wconf 86' lang='grc' dir='ltr'><strong>Βο.</strong></span> <span class='ocrx_word' id='word_1_319' title='bbox 290 4448 353 4504; x_wconf 83' lang='lat' dir='ltr'><strong>Ser.</strong></span> <span class='ocrx_word' id='word_1_320' title='bbox 368 4448 401 4505; x_wconf 92' lang='lat' dir='ltr'><strong>dc</strong></span> <span class='ocrx_word' id='word_1_321' title='bbox 417 4448 495 4505; x_wconf 87' lang='lat' dir='ltr'><strong>olem.</strong></span> <span class='ocrx_word' id='word_1_322' title='bbox 513 4449 541 4521; x_wconf 88' lang='lat'><strong>1,</strong></span> <span class='ocrx_word' id='word_1_323' title='bbox 558 4448 609 4521; x_wconf 89' lang='grc'><strong>22,</strong></span> <span class='ocrx_word' id='word_1_324' title='bbox 626 4450 643 4505; x_wconf 91' lang='grc'>2</span> <span class='ocrx_word' id='word_1_325' title='bbox 731 4449 770 4507; x_wconf 90' lang='grc'><strong>36</strong></span> <span class='ocrx_word' id='word_1_326' title='bbox 795 4450 843 4509; x_wconf 75' lang='lat' dir='ltr'><strong>rs.</strong></span> <span class='ocrx_word' id='word_1_327' title='bbox 859 4449 921 4507; x_wconf 83' lang='lat' dir='ltr'><strong>Sen.</strong></span> <span class='ocrx_word' id='word_1_328' title='bbox 938 4451 1018 4524; x_wconf 88' lang='lat' dir='ltr'><strong>epist.</strong></span> <span class='ocrx_word' id='word_1_329' title='bbox 1033 4449 1083 4524; x_wconf 86' lang='grc'><strong>94,</strong></span> <span class='ocrx_word' id='word_1_330' title='bbox 1099 4450 1140 4508; x_wconf 88' lang='grc'><strong>43</strong></span> 
     </span>
    </p>
   </div>
   <div class='ocr_carea' id='block_1_4' title="bbox 0 0 1526 5124">
    <p class='ocr_par' dir='ltr' id='par_1_14' title="bbox 0 0 1526 5124">
     <span class='ocr_line' id='line_1_42' title="bbox 0 0 1526 5124; baseline 0 3"><span class='ocrx_word' id='word_1_331' title='bbox 0 0 1526 5124; x_wconf 95' lang='lat' dir='ltr'><strong> </strong></span> 
     </span>
    </p>
   </div>
  </div>
 </body>
</html>
