3014 5116
429 418 432 431 '
500 440 774 489 Puonnuouann.
1170 427 1212 490 39

57 592 235 656 caecilium
263 591 414 656 Balbum.
460 592 504 656 Et
534 603 570 658 ut
603 616 701 681 supra
729 617 770 658 ex
800 594 957 659 Cicerone
991 616 1029 657 ac
1048 592 1211 664 Sallustio

57 694 193 780 singula
221 694 380 782 quaedam
407 696 531 760 inserta
559 696 661 761 fuisse
684 681 845 780 uidimuS,
873 698 920 760 ita
942 695 1049 761 nullus
1072 695 1140 760 fere
1163 705 1212 760 est

57 798 148 861 inter
171 806 297 861 veteres
321 798 508 884 scriptores,
533 799 625 862 cuius
648 821 713 863 non
735 800 845 885 aliqua
869 808 956 862 certe
979 800 1141 863 sententia
1162 800 1210 862 in*

57 899 199 963 fluxisse
221 899 325 984 possit
348 899 382 961 in
405 899 487 962 hanc
510 899 640 963 foedam
661 898 825 988 paludem.
871 900 962 981 Quid
986 901 1072 988 quod
1094 900 1209 984 Fabri-

59 1002 132 1065 cius
157 1010 187 1062 ‘e
208 1001 441 1088 manuscripto'
464 1001 548 1064 hanc
571 1001 677 1066 edidit
699 1003 913 1066 sententiam:

268 1161 372 1219 Ferme
392 1160 531 1236 sapiendo
553 1164 587 1220 la
608 1163 703 1220 modio
724 1161 789 1233 futu
811 1158 982 1231 incurritur,

59 1309 126 1372 huc
149 1306 291 1371 delatam
315 1330 356 1370 ex
377 1307 475 1372 Livio
491 1309 522 1390 8,
539 1308 591 1390 24,
607 1309 643 1391 43
668 1307 754 1394 quod
776 1309 811 1372 in
834 1292 946 1373 codice
961 1311 1111 1374 Parisino
1128 1277 1210 1374 8027
1298 1272 1322 1306 Ἃ

59 1411 255 1474 Bactrorum
283 1410 495 1496 proverbium
522 1404 653 1496 irrepsit
681 1412 767 1474 inter
784 1413 967 1475 sententias
990 1410 1208 1477 Publilianas:

67 1513 187 1577 Verum
209 1517 253 1575 est
274 1533 382 1576 cortem
405 1514 551 1576 latalaum
572 1514 779 1577 ‹uehementius
802 1514 921 1577 latrare
943 1535 1039 1595 quom
1059 1516 1209 1593 recordere,
1298 1592 1299 1599 ἵ

58 1620 89 1678 ct
111 1615 269 1678 altissima
292 1636 432 1695 persaeque
452 1616 589 1696 stallano
611 1637 674 1679 ulto
696 1616 772 1679 solio
789 1613 867 1699 (leg.
883 1617 1014 1679 minimo
1029 1616 1118 1699 sono)
1136 1616 1208 1694 lubi,

59 1739 77 1778 e
107 1715 222 1779 Curtio
246 1717 280 1797 7,
303 1716 340 1797 4,
366 1716 404 1780 13
431 1715 515 1778 male
544 1716 607 1779 huc
634 1726 826 1800 retractum,
860 1716 948 1803 quod
978 1718 1033 1802 qui
1062 1718 1210 1781 codicem

57 1817 249 1881 Parisinum
278 1817 361 1880 8049
390 1816 445 1902 (Ο)
476 1818 623 1903 scripsit,
658 1819 892 1882 sententiarum
919 1841 1089 1882 numerum
1117 1819 1211 1882 auxit
1288 1891 1292 1897 ¹

56 1920 102 1983 ad
128 1919 193 1983 duo
217 1917 307 1982 milia
330 1918 387 2004 (cf.
405 1941 503 2005 supra
525 1941 579 2005 pg.
598 1919 663 2005 19),
687 1929 830 1983 ceterum
852 1920 886 1983 in
909 1920 969 1985 hoc
989 1919 1209 1984 afraudeua-

57 2045 154 2103 cuus,
178 2020 265 2108 quod
286 2042 347 2084 nec
362 2019 497 2085 Publilii
519 2043 580 2084 nec
599 2019 741 2085 Senecae
763 2043 882 2085 nomen
904 2023 1065 2109 praefixit.
1102 2022 1209 2086 Huius

29 2112 34 2119 ¹
56 2124 262 2188 confusionis
285 2133 321 2186 ut
343 2121 477 2208 aliquod
500 2128 627 2187 extaret
648 2133 904 2206 monumentum,
929 2123 1025 2190 simul
1046 2147 1088 2187 ne
1103 2123 1160 2188 alii
1175 2125 1210 2187 in
1236 2133 1245 2139 ‘

56 2225 195 2290 eosdem
218 2247 344 2291 errores
366 2226 484 2289 iterum
500 2224 692 2308 inciderent,
712 2227 758 2290 ad
774 2224 895 2289 calcem
911 2224 1065 2291 editionis
1080 2236 1210 2290 nostrae

57 2327 227 2391 edidimus
249 2337 411 2392 trecentas
434 2329 503 2390 fere
526 2328 704 2392 sententias
728 2327 769 2391 ab
793 2327 974 2393 editoribus
998 2331 1069 2393 sive
1092 2351 1135 2392 ex
1156 2351 1208 2393 co-

57 2429 192 2493 dicibus
216 2429 420 2516 interpolatis
444 2430 514 2493 sivo
537 2451 579 2492 ex
602 2431 682 2516 ipsis
705 2429 893 2495 auctoribus
916 2430 1072 2495 Romanis
1096 2430 1208 2495 Publi·

57 2533 159 2596 lianis
184 2531 266 2595 falso
288 2530 463 2595 admixtas.
507 2530 598 2610 Quas
622 2532 685 2596 etsi
707 2554 772 2596 non
794 2554 905 2596 omnes
928 2533 1117 2597 auctoribus
1141 2533 1209 2596 suis

57 2633 202 2696 reddere
224 2634 371 2718 contigit,
395 2634 473 2698 satis
496 2634 599 2698 firmis
622 2643 731 2698 tamen
754 2633 982 2720 comprobasse
996 2633 1078 2701 mihi
1093 2633 1210 2698 videor
1325 2711 1331 2715 .

57 2736 278 2820 argumentis,
309 2736 544 2800 sententiarum
571 2737 605 2798 in
633 2731 869 2801 recentioribus
892 2746 1019 2802 tantum
1042 2722 1208 2802 codicibus

57 2846 265 2902 servatarum
286 2836 409 2900 nullam
431 2860 563 2923 prorsus
587 2859 658 2902 esse
679 2841 914 2903 auctoritatem.

147 2941 182 3025 3)
206 2938 317 3004 Tertio
347 2939 418 3004 loco
450 2939 676 3003 disserendum
709 2940 771 3004 erit
804 2940 850 3003 de
883 2941 936 3005 iis
970 2942 1207 3024 sententiis,

1 3078 4 3081 >
59 3064 161 3129 quae
189 3041 397 3128 incipiunt
424 3063 444 3104 a
471 3039 626 3105 litteris
649 3041 775 3126 A-N,
803 3065 986 3129 quaeque
1013 3044 1053 3105 in
1082 3045 1206 3107 omni-

58 3145 134 3208 bus
159 3142 371 3207 codicibus
395 3143 551 3225 extant,
574 3143 609 3206 id
626 3153 675 3208 est
691 3144 731 3207 de
747 3145 898 3209 versibus
917 3145 1020 3208 1—34
1035 3144 1107 3229 (Α),
1123 3144 1205 3207 44-

59 3247 101 3310 ῖ8
125 3245 207 3330 (Β),
235 3244 382 3309 85-105
407 3245 481 3330 (0),
514 3246 680 3311 123-138
704 3245 784 3330 (D),
810 3246 976 3310 147-162
999 3246 1078 3331 (Ε),
1095 3246 1204 3310 ’166-

60 3348 124 3411 192
148 3346 220 3429 (Ν),
245 3346 413 3410 194-202
436 3345 508 3432 (G),
531 3340 700 3412 203-223
725 3347 799 3434 (Η),
821 3347 990 3412 230-263
1012 3348 1079 3433 (Ι),
1102 3348 1209 3412 291-

58 3449 121 3513 301
148 3449 218 3534 (L),
242 3448 410 3512 309-349
434 3448 520 3534 (M),
544 3447 713 3513 377-386
737 3448 817 3534 (Ν).
1245 3475 1248 3477 “

148 3549 223 3628 Qua
251 3572 292 3612 ex
320 3570 418 3612 causa
446 3551 641 3637 sententias,
672 3550 712 3614 de
739 3549 857 3637 quibus
880 3550 977 3614 modo
1000 3548 1125 3613 dictum
1148 3561 1206 3631 est,

1 3715 5 3727 ,¹
59 3673 172 3715 omnes
195 3674 215 3714 a
230 3649 371 3715 Publilio
394 3650 631 3716 abiudicandas
655 3675 726 3716 esse
741 3652 937 3736 censuimuS,
961 3675 1004 3715 ex
1019 3650 1132 3714 eadem
1148 3652 1206 3716 has

59 3775 171 3818 omnes
188 3754 219 3816 ei
234 3752 451 3826 vindicandas
469 3776 540 3818 esse
556 3777 747 3840 persuasum
761 3754 857 3819 nobis
873 3764 932 3819 est.
967 3753 1014 3818 Ut
1030 3755 1116 3817 enim
1131 3753 1206 3817 illae
1317 3823 1319 3825 ,

58 3856 247 3942 pedestrem
270 3856 449 3920 orationem
471 3855 628 3939 redolent,
652 3857 698 3920 ita
720 3857 781 3920 hae
803 3866 859 3920 aut
881 3857 948 3920 leni
970 3855 1097 3920 medela
1112 3855 1204 3919 adhi-
1252 3923 1254 3931 Α

58 3958 129 4021 bita
158 3955 317 4021 iambicos
346 3955 400 4020 vel
428 3957 610 4022 trochaicos
640 3958 773 4045 explent
801 3980 951 4022 numeros
959 4006 967 4039 ,
996 3967 1053 4022 aut
1080 3957 1204 4022 auxilio

58 4061 174 4123 critico
196 4080 238 4123 ne
259 4058 411 4144 indigent
433 4059 579 4146 quidem,
603 4082 642 4123 ac
664 4061 747 4124 sicut
769 4060 837 4123 illic
859 4059 1141 4141 cavendumerat,
1164 4081 1205 4121 ne

57 4159 185 4247 lepidos
209 4160 367 4246 quosdam
389 4160 568 4226 versiculos
591 4160 734 4227 Publilio
756 4163 990 4243 tribueremus,
1021 4161 1067 4223 ita
1089 4160 1140 4224 his
1163 4184 1204 4225 ne

57 4263 259 4348 denegemus
282 4263 355 4326 leve
367 4254 459 4327 'illud
476 4263 711 4347 adiumentum,
736 4288 798 4351 quo
815 4263 857 4326 ad
874 4265 1051 4339 carminum
1068 4262 1217 4345 formam,

55 4352 273 4431 reducuntur:
297 4365 378 4432 adeo
398 4368 541 4452 'primum
564 4365 699 4430 editoris
715 4366 860 4431 officium
877 4375 926 4430 est
941 4365 1064 4447 videre,
1088 4374 1124 4429 ut
1139 4366 1203 4430 sibi

55 4478 197 4535 constet.
243 4467 326 4534 Cum
358 4470 399 4552 ii,
434 4471 489 4559 qui
522 4467 650 4534 codices
683 4471 917 4539 sententiarum
944 4465 1203 4536 Publilianarum
1301 4516 1302 4519 κ
