<?xml version="1.0" encoding="UTF-8"?>
<!DOCTYPE html PUBLIC "-//W3C//DTD XHTML 1.0 Transitional//EN"
    "http://www.w3.org/TR/xhtml1/DTD/xhtml1-transitional.dtd">
<html xmlns="http://www.w3.org/1999/xhtml" xml:lang="en" lang="en">
 <head>
  <title>
</title>
<meta http-equiv="Content-Type" content="text/html;charset=utf-8" />
  <meta name='ocr-system' content='tesseract 3.04.00' />
  <meta name='ocr-capabilities' content='ocr_page ocr_carea ocr_par ocr_line ocrx_word'/>
</head>
<body>
  <div class='ocr_page' id='page_1' title='image "./publiliisyrisen00wlgoog/publiliisyrisen00wlgoog_0065.png"; bbox 0 0 3014 5116; ppageno 0'>
   <div class='ocr_carea' id='block_1_1' title="bbox 305 362 1015 426">
    <p class='ocr_par' dir='ltr' id='par_1_1' title="bbox 305 362 1015 426">
     <span class='ocr_line' id='line_1_1' title="bbox 305 362 1015 426; baseline -0.004 0"><span class='ocrx_word' id='word_1_1' title='bbox 305 362 348 426; x_wconf 84' lang='lat'><strong>54</strong></span> <span class='ocrx_word' id='word_1_2' title='bbox 743 377 1015 425; x_wconf 75' lang='lat' dir='ltr'><strong>ruotneousur.</strong></span> 
     </span>
    </p>
   </div>
   <div class='ocr_carea' id='block_1_2' title="bbox 308 529 1471 717">
    <p class='ocr_par' dir='ltr' id='par_1_2' title="bbox 308 529 1471 717">
     <span class='ocr_line' id='line_1_2' title="bbox 310 529 1471 622; baseline 0.005 -28"><span class='ocrx_word' id='word_1_3' title='bbox 310 531 477 597; x_wconf 87' lang='lat' dir='ltr'><strong>vocabulis</strong></span> <span class='ocrx_word' id='word_1_4' title='bbox 505 536 557 596; x_wconf 78' lang='lat' dir='ltr'><strong>eir</strong></span> <span class='ocrx_word' id='word_1_5' title='bbox 585 542 617 595; x_wconf 87' lang='lat' dir='ltr'><strong>et</strong></span> <span class='ocrx_word' id='word_1_6' title='bbox 639 533 670 595; x_wconf 84' lang='lat' dir='ltr'><strong>ei</strong></span> <span class='ocrx_word' id='word_1_7' title='bbox 691 529 775 594; x_wconf 90' lang='lat' dir='ltr'><strong>male</strong></span> <span class='ocrx_word' id='word_1_8' title='bbox 803 533 1020 618; x_wconf 83' lang='lat' dir='ltr'><strong>transpositis.</strong></span> <span class='ocrx_word' id='word_1_9' title='bbox 1065 533 1107 596; x_wconf 91' lang='lat' dir='ltr'><strong>V.</strong></span> <span class='ocrx_word' id='word_1_10' title='bbox 1132 535 1202 599; x_wconf 88' lang='lat'><strong>380</strong></span> <span class='ocrx_word' id='word_1_11' title='bbox 1225 537 1438 622; x_wconf 86' lang='lat' dir='ltr'><strong>acquieverunt</strong></span> <span class='ocrx_word' id='word_1_12' title='bbox 1470 543 1471 546; x_wconf 73' lang='grc'>’</span> 
     </span>
     <span class='ocr_line' id='line_1_3' title="bbox 308 632 1376 717; baseline 0.003 -20"><span class='ocrx_word' id='word_1_13' title='bbox 308 633 450 697; x_wconf 79' lang='lat' dir='ltr'><strong>editores</strong></span> <span class='ocrx_word' id='word_1_14' title='bbox 472 634 507 696; x_wconf 94' lang='lat' dir='ltr'><strong>in</strong></span> <span class='ocrx_word' id='word_1_15' title='bbox 529 632 689 697; x_wconf 86' lang='lat' dir='ltr'><strong>vilissima</strong></span> <span class='ocrx_word' id='word_1_16' title='bbox 711 633 845 697; x_wconf 78' lang='lat' dir='ltr'><strong>editoris</strong></span> <span class='ocrx_word' id='word_1_17' title='bbox 867 633 1144 717; x_wconf 87' lang='lat' dir='ltr'><strong>Ingolstadiensis</strong></span> <span class='ocrx_word' id='word_1_18' title='bbox 1169 639 1376 702; x_wconf 83' lang='lat' dir='ltr'><strong>coniectura:</strong></span> 
     </span>
    </p>
   </div>
   <div class='ocr_carea' id='block_1_3' title="bbox 511 774 1239 848">
    <p class='ocr_par' dir='ltr' id='par_1_3' title="bbox 511 774 1239 848">
     <span class='ocr_line' id='line_1_4' title="bbox 511 774 1239 848; baseline 0.007 -16"><span class='ocrx_word' id='word_1_19' title='bbox 511 774 582 833; x_wconf 81' lang='lat' dir='ltr'><strong>Non</strong></span> <span class='ocrx_word' id='word_1_20' title='bbox 603 778 657 833; x_wconf 83' lang='lat' dir='ltr'><strong>cito</strong></span> <span class='ocrx_word' id='word_1_21' title='bbox 678 777 769 832; x_wconf 74' lang='lat' dir='ltr'><strong>ruine</strong></span> <span class='ocrx_word' id='word_1_22' title='bbox 784 778 862 847; x_wconf 76' lang='lat' dir='ltr'><strong>perit</strong></span> <span class='ocrx_word' id='word_1_23' title='bbox 883 778 918 841; x_wconf 83' lang='lat' dir='ltr'><strong>is,</strong></span> <span class='ocrx_word' id='word_1_24' title='bbox 941 779 992 848; x_wconf 80' lang='lat' dir='ltr'><strong>qui</strong></span> <span class='ocrx_word' id='word_1_25' title='bbox 1012 779 1121 835; x_wconf 85' lang='lat' dir='ltr'><strong>rimam</strong></span> <span class='ocrx_word' id='word_1_26' title='bbox 1142 781 1239 847; x_wconf 82' lang='lat' dir='ltr'><strong>timet,</strong></span> 
     </span>
    </p>
   </div>
   <div class='ocr_carea' id='block_1_4' title="bbox 276 921 1452 2029">
    <p class='ocr_par' dir='ltr' id='par_1_4' title="bbox 276 921 1447 1415">
     <span class='ocr_line' id='line_1_5' title="bbox 276 921 1443 1007; baseline 0.003 -22"><span class='ocrx_word' id='word_1_27' title='bbox 276 930 278 933; x_wconf 81' lang='grc'><strong>’</strong></span> <span class='ocrx_word' id='word_1_28' title='bbox 308 945 382 986; x_wconf 89' lang='lat' dir='ltr'><strong>eum</strong></span> <span class='ocrx_word' id='word_1_29' title='bbox 411 924 568 987; x_wconf 92' lang='lat' dir='ltr'><strong>bonorum</strong></span> <span class='ocrx_word' id='word_1_30' title='bbox 599 921 748 985; x_wconf 91' lang='lat' dir='ltr'><strong>codicum</strong></span> <span class='ocrx_word' id='word_1_31' title='bbox 771 923 934 1007; x_wconf 89' lang='lat' dir='ltr'><strong>scriptura</strong></span> <span class='ocrx_word' id='word_1_32' title='bbox 950 926 1037 1004; x_wconf 80' lang='lat' dir='ltr'><strong>perit</strong></span> <span class='ocrx_word' id='word_1_33' title='bbox 1056 925 1125 1003; x_wconf 81' lang='lat' dir='ltr'><strong>air,</strong></span> <span class='ocrx_word' id='word_1_34' title='bbox 1156 924 1311 988; x_wconf 89' lang='lat' dir='ltr'><strong>Parisini</strong></span> <span class='ocrx_word' id='word_1_35' title='bbox 1333 925 1443 988; x_wconf 85' lang='lat' dir='ltr'><strong>alterius</strong></span> 
     </span>
     <span class='ocr_line' id='line_1_6' title="bbox 305 1025 1444 1111; baseline 0 -23"><span class='ocrx_word' id='word_1_36' title='bbox 305 1028 442 1108; x_wconf 82' lang='lat' dir='ltr'><strong>peritur,</strong></span> <span class='ocrx_word' id='word_1_37' title='bbox 465 1025 653 1088; x_wconf 85' lang='lat' dir='ltr'><strong>Turicensis</strong></span> <span class='ocrx_word' id='word_1_38' title='bbox 676 1026 880 1106; x_wconf 72' lang='lat' dir='ltr'><strong>opprimitur,</strong></span> <span class='ocrx_word' id='word_1_39' title='bbox 908 1025 1044 1095; x_wconf 77' lang='lat' dir='ltr'><strong>uerbum</strong></span> <span class='ocrx_word' id='word_1_40' title='bbox 1066 1027 1248 1111; x_wconf 88' lang='lat' dir='ltr'><strong>passivum</strong></span> <span class='ocrx_word' id='word_1_41' title='bbox 1272 1026 1374 1090; x_wconf 89' lang='lat' dir='ltr'><strong>latere</strong></span> <span class='ocrx_word' id='word_1_42' title='bbox 1393 1027 1444 1089; x_wconf 86' lang='lat' dir='ltr'><strong>luce</strong></span> 
     </span>
     <span class='ocr_line' id='line_1_7' title="bbox 309 1124 1446 1214; baseline 0 -24"><span class='ocrx_word' id='word_1_43' title='bbox 309 1126 428 1190; x_wconf 89' lang='lat' dir='ltr'><strong>clarius</strong></span> <span class='ocrx_word' id='word_1_44' title='bbox 457 1126 617 1190; x_wconf 90' lang='lat' dir='ltr'><strong>ostendat.</strong></span> <span class='ocrx_word' id='word_1_45' title='bbox 662 1125 701 1188; x_wconf 92' lang='lat' dir='ltr'><strong>In</strong></span> <span class='ocrx_word' id='word_1_46' title='bbox 733 1146 770 1188; x_wconf 90' lang='lat' dir='ltr'><strong>eo</strong></span> <span class='ocrx_word' id='word_1_47' title='bbox 793 1124 944 1208; x_wconf 86' lang='lat' dir='ltr'><strong>eligendo</strong></span> <span class='ocrx_word' id='word_1_48' title='bbox 972 1149 1170 1213; x_wconf 86' lang='lat' dir='ltr'><strong>quamquam</strong></span> <span class='ocrx_word' id='word_1_49' title='bbox 1200 1128 1336 1214; x_wconf 87' lang='lat' dir='ltr'><strong>ambigi</strong></span> <span class='ocrx_word' id='word_1_50' title='bbox 1362 1138 1446 1214; x_wconf 87' lang='lat' dir='ltr'><strong>potest</strong></span> 
     </span>
     <span class='ocr_line' id='line_1_8' title="bbox 309 1227 1447 1314; baseline 0.001 -23"><span class='ocrx_word' id='word_1_51' title='bbox 309 1237 341 1291; x_wconf 86' lang='lat' dir='ltr'><strong>et</strong></span> <span class='ocrx_word' id='word_1_52' title='bbox 367 1228 410 1291; x_wconf 88' lang='lat' dir='ltr'><strong>ad</strong></span> <span class='ocrx_word' id='word_1_53' title='bbox 441 1227 588 1291; x_wconf 87' lang='lat' dir='ltr'><strong>codicum</strong></span> <span class='ocrx_word' id='word_1_54' title='bbox 616 1228 760 1310; x_wconf 81' lang='lat' dir='ltr'><strong>vestigia</strong></span> <span class='ocrx_word' id='word_1_55' title='bbox 786 1228 935 1312; x_wconf 83' lang='lat' dir='ltr'><strong>proxime</strong></span> <span class='ocrx_word' id='word_1_56' title='bbox 963 1228 1117 1292; x_wconf 88' lang='lat' dir='ltr'><strong>accedere</strong></span> <span class='ocrx_word' id='word_1_57' title='bbox 1148 1230 1294 1293; x_wconf 81' lang='lat' dir='ltr'><strong>videtur</strong></span> <span class='ocrx_word' id='word_1_58' title='bbox 1309 1233 1447 1314; x_wconf 76' lang='lat' dir='ltr'><strong>premitur</strong></span> 
     </span>
     <span class='ocr_line' id='line_1_9' title="bbox 310 1327 1097 1415; baseline 0.001 -22"><span class='ocrx_word' id='word_1_59' title='bbox 310 1329 364 1393; x_wconf 84' lang='lat' dir='ltr'><strong>vel</strong></span> <span class='ocrx_word' id='word_1_60' title='bbox 386 1332 507 1411; x_wconf 81' lang='lat' dir='ltr'><strong>teritur,</strong></span> <span class='ocrx_word' id='word_1_61' title='bbox 533 1327 784 1415; x_wconf 88' lang='lat' dir='ltr'><strong>praeferendum</strong></span> <span class='ocrx_word' id='word_1_62' title='bbox 807 1338 917 1392; x_wconf 87' lang='lat' dir='ltr'><strong>tamen</strong></span> <span class='ocrx_word' id='word_1_63' title='bbox 939 1333 1097 1412; x_wconf 80' lang='lat' dir='ltr'><strong>opteritur.</strong></span> 
     </span>
    </p>

    <p class='ocr_par' dir='ltr' id='par_1_5' title="bbox 309 1430 1452 2029">
     <span class='ocr_line' id='line_1_10' title="bbox 393 1430 1448 1521; baseline 0.005 -27"><span class='ocrx_word' id='word_1_64' title='bbox 393 1431 439 1495; x_wconf 89' lang='lat' dir='ltr'><strong>Et</strong></span> <span class='ocrx_word' id='word_1_65' title='bbox 454 1430 607 1517; x_wconf 90' lang='lat' dir='ltr'><strong>quoniam</strong></span> <span class='ocrx_word' id='word_1_66' title='bbox 622 1432 656 1493; x_wconf 92' lang='lat' dir='ltr'><strong>in</strong></span> <span class='ocrx_word' id='word_1_67' title='bbox 671 1430 723 1494; x_wconf 90' lang='lat' dir='ltr'><strong>his</strong></span> <span class='ocrx_word' id='word_1_68' title='bbox 739 1431 1003 1517; x_wconf 87' lang='lat' dir='ltr'><strong>compendiorum</strong></span> <span class='ocrx_word' id='word_1_69' title='bbox 1019 1433 1169 1497; x_wconf 87' lang='lat' dir='ltr'><strong>minutiis</strong></span> <span class='ocrx_word' id='word_1_70' title='bbox 1187 1455 1376 1517; x_wconf 80' lang='lat' dir='ltr'><strong>versamur,</strong></span> <span class='ocrx_word' id='word_1_71' title='bbox 1390 1457 1448 1521; x_wconf 83' lang='lat' dir='ltr'><strong>pau·</strong></span> 
     </span>
     <span class='ocr_line' id='line_1_11' title="bbox 310 1531 1449 1619; baseline 0.002 -22"><span class='ocrx_word' id='word_1_72' title='bbox 310 1557 348 1597; x_wconf 85' lang='lat' dir='ltr'><strong>ca</strong></span> <span class='ocrx_word' id='word_1_73' title='bbox 370 1533 411 1596; x_wconf 89' lang='lat' dir='ltr'><strong>de</strong></span> <span class='ocrx_word' id='word_1_74' title='bbox 434 1535 622 1619; x_wconf 89' lang='lat' dir='ltr'><strong>pronomine</strong></span> <span class='ocrx_word' id='word_1_75' title='bbox 644 1531 782 1595; x_wconf 76' lang='lat' dir='ltr'><strong>relativo</strong></span> <span class='ocrx_word' id='word_1_76' title='bbox 805 1542 837 1595; x_wconf 88' lang='lat' dir='ltr'><strong>et</strong></span> <span class='ocrx_word' id='word_1_77' title='bbox 858 1534 1096 1617; x_wconf 86' lang='lat' dir='ltr'><strong>interrogativo</strong></span> <span class='ocrx_word' id='word_1_78' title='bbox 1118 1535 1301 1602; x_wconf 81' lang='lat' dir='ltr'><strong>addemus.</strong></span> <span class='ocrx_word' id='word_1_79' title='bbox 1338 1536 1449 1603; x_wconf 82' lang='lat' dir='ltr'><strong>Scilicet</strong></span> 
     </span>
     <span class='ocr_line' id='line_1_12' title="bbox 309 1634 1452 1720; baseline 0.001 -20"><span class='ocrx_word' id='word_1_80' title='bbox 309 1638 345 1700; x_wconf 90' lang='lat' dir='ltr'><strong>in</strong></span> <span class='ocrx_word' id='word_1_81' title='bbox 367 1635 481 1700; x_wconf 90' lang='lat' dir='ltr'><strong>codice</strong></span> <span class='ocrx_word' id='word_1_82' title='bbox 498 1634 564 1714; x_wconf 47' lang='lat' dir='ltr'><strong>R«,</strong></span> <span class='ocrx_word' id='word_1_83' title='bbox 585 1634 681 1698; x_wconf 90' lang='lat' dir='ltr'><strong>modo</strong></span> <span class='ocrx_word' id='word_1_84' title='bbox 704 1655 764 1715; x_wconf 84' lang='lat' dir='ltr'><strong>quo</strong></span> <span class='ocrx_word' id='word_1_85' title='bbox 780 1635 954 1718; x_wconf 88' lang='lat' dir='ltr'><strong>significat,</strong></span> <span class='ocrx_word' id='word_1_86' title='bbox 976 1636 1072 1700; x_wconf 91' lang='lat' dir='ltr'><strong>modo</strong></span> <span class='ocrx_word' id='word_1_87' title='bbox 1094 1640 1197 1718; x_wconf 81' lang='lat' dir='ltr'><strong>quod;</strong></span> <span class='ocrx_word' id='word_1_88' title='bbox 1220 1640 1261 1701; x_wconf 95' lang='lat' dir='ltr'><strong>in</strong></span> <span class='ocrx_word' id='word_1_89' title='bbox 1277 1639 1315 1702; x_wconf 84' lang='lat' dir='ltr'><em>F</em></span> <span class='ocrx_word' id='word_1_90' title='bbox 1333 1663 1406 1703; x_wconf 84' lang='lat' dir='ltr'><strong>vero</strong></span> <span class='ocrx_word' id='word_1_91' title='bbox 1421 1644 1452 1720; x_wconf 81' lang='lat' dir='ltr'><strong>qd</strong></span> 
     </span>
     <span class='ocr_line' id='line_1_13' title="bbox 309 1738 1448 1826; baseline 0.001 -22"><span class='ocrx_word' id='word_1_92' title='bbox 309 1747 496 1804; x_wconf 83' lang='lat' dir='ltr'><strong>constanter</strong></span> <span class='ocrx_word' id='word_1_93' title='bbox 517 1738 659 1823; x_wconf 88' lang='lat' dir='ltr'><strong>positum</strong></span> <span class='ocrx_word' id='word_1_94' title='bbox 682 1747 731 1799; x_wconf 91' lang='lat' dir='ltr'><strong>est</strong></span> <span class='ocrx_word' id='word_1_95' title='bbox 752 1759 811 1822; x_wconf 93' lang='lat' dir='ltr'><strong>pro</strong></span> <span class='ocrx_word' id='word_1_96' title='bbox 835 1739 925 1818; x_wconf 84' lang='lat' dir='ltr'><strong>quod,</strong></span> <span class='ocrx_word' id='word_1_97' title='bbox 947 1739 993 1818; x_wconf 73' lang='lat' dir='ltr'><strong>qd</strong></span> <span class='ocrx_word' id='word_1_98' title='bbox 1013 1761 1071 1823; x_wconf 91' lang='lat' dir='ltr'><strong>pro</strong></span> <span class='ocrx_word' id='word_1_99' title='bbox 1092 1741 1189 1818; x_wconf 72' lang='lat' dir='ltr'><strong>quid:</strong></span> <span class='ocrx_word' id='word_1_100' title='bbox 1212 1740 1253 1802; x_wconf 92' lang='lat' dir='ltr'><strong>id</strong></span> <span class='ocrx_word' id='word_1_101' title='bbox 1279 1764 1356 1804; x_wconf 90' lang='lat' dir='ltr'><strong>eum</strong></span> <span class='ocrx_word' id='word_1_102' title='bbox 1376 1743 1448 1826; x_wconf 88' lang='lat' dir='ltr'><strong>igno·</strong></span> 
     </span>
     <span class='ocr_line' id='line_1_14' title="bbox 309 1837 1450 1925; baseline 0 -20"><span class='ocrx_word' id='word_1_103' title='bbox 309 1852 396 1905; x_wconf 87' lang='lat' dir='ltr'><strong>raret</strong></span> <span class='ocrx_word' id='word_1_104' title='bbox 425 1840 530 1903; x_wconf 85' lang='lat' dir='ltr'><strong>editor</strong></span> <span class='ocrx_word' id='word_1_105' title='bbox 551 1837 842 1922; x_wconf 89' lang='lat' dir='ltr'><strong>Ingolstadiensis,</strong></span> <span class='ocrx_word' id='word_1_106' title='bbox 866 1837 974 1911; x_wconf 80' lang='lat' dir='ltr'><strong>¹falsae</strong></span> <span class='ocrx_word' id='word_1_107' title='bbox 1001 1838 1134 1925; x_wconf 90' lang='lat' dir='ltr'><strong>aliquod</strong></span> <span class='ocrx_word' id='word_1_108' title='bbox 1157 1840 1325 1906; x_wconf 85' lang='lat' dir='ltr'><strong>lectiones</strong></span> <span class='ocrx_word' id='word_1_109' title='bbox 1348 1843 1389 1905; x_wconf 91' lang='lat' dir='ltr'><strong>ab</strong></span> <span class='ocrx_word' id='word_1_110' title='bbox 1408 1842 1450 1905; x_wconf 92' lang='lat' dir='ltr'><strong>illo</strong></span> 
     </span>
     <span class='ocr_line' id='line_1_15' title="bbox 309 1940 1449 2029; baseline 0 -23"><span class='ocrx_word' id='word_1_111' title='bbox 309 1952 459 2029; x_wconf 81' lang='lat' dir='ltr'><strong>receptae</strong></span> <span class='ocrx_word' id='word_1_112' title='bbox 481 1940 649 2028; x_wconf 89' lang='lat' dir='ltr'><strong>usquead</strong></span> <span class='ocrx_word' id='word_1_113' title='bbox 672 1940 759 2004; x_wconf 91' lang='lat' dir='ltr'><strong>hunc</strong></span> <span class='ocrx_word' id='word_1_114' title='bbox 777 1940 866 2002; x_wconf 90' lang='lat' dir='ltr'><strong>diem</strong></span> <span class='ocrx_word' id='word_1_115' title='bbox 888 1951 1086 2026; x_wconf 87' lang='lat' dir='ltr'><strong>propagatae</strong></span> <span class='ocrx_word' id='word_1_116' title='bbox 1109 1951 1198 2005; x_wconf 90' lang='lat' dir='ltr'><strong>sunt.</strong></span> <span class='ocrx_word' id='word_1_117' title='bbox 1241 1943 1332 2007; x_wconf 92' lang='lat' dir='ltr'><strong>Nam</strong></span> <span class='ocrx_word' id='word_1_118' title='bbox 1355 1966 1386 2006; x_wconf 89' lang='lat' dir='ltr'><strong>v.</strong></span> <span class='ocrx_word' id='word_1_119' title='bbox 1402 1944 1449 2008; x_wconf 83' lang='lat'><strong>348</strong></span> 
     </span>
    </p>
   </div>
   <div class='ocr_carea' id='block_1_5' title="bbox 514 2083 1264 2156">
    <p class='ocr_par' dir='ltr' id='par_1_6' title="bbox 514 2083 1264 2156">
     <span class='ocr_line' id='line_1_16' title="bbox 514 2083 1264 2156; baseline 0.005 -17"><span class='ocrx_word' id='word_1_120' title='bbox 514 2083 604 2156; x_wconf 72' lang='lat' dir='ltr'><strong>Mope</strong></span> <span class='ocrx_word' id='word_1_121' title='bbox 625 2084 783 2154; x_wconf 76' lang='lat' dir='ltr'><strong>e·elet„qui</strong></span> <span class='ocrx_word' id='word_1_122' title='bbox 805 2085 895 2141; x_wconf 77' lang='lat' dir='ltr'><strong>nescit</strong></span> <span class='ocrx_word' id='word_1_123' title='bbox 917 2085 1068 2141; x_wconf 67' lang='lat' dir='ltr'><strong>caloratos</strong></span> <span class='ocrx_word' id='word_1_124' title='bbox 1089 2084 1161 2155; x_wconf 72' lang='lat' dir='ltr'><strong>perid</strong></span> <span class='ocrx_word' id='word_1_125' title='bbox 1182 2086 1264 2143; x_wconf 80' lang='lat' dir='ltr'><strong>colet</strong></span> 
     </span>
    </p>
   </div>
   <div class='ocr_carea' id='block_1_6' title="bbox 310 2202 1452 2518">
    <p class='ocr_par' dir='ltr' id='par_1_7' title="bbox 310 2202 1452 2518">
     <span class='ocr_line' id='line_1_17' title="bbox 310 2202 1452 2318; baseline -0.002 -23"><span class='ocrx_word' id='word_1_126' title='bbox 310 2253 416 2318; x_wconf 89' lang='lat' dir='ltr'><strong>neque</strong></span> <span class='ocrx_word' id='word_1_127' title='bbox 439 2227 648 2292; x_wconf 74' lang='lat' dir='ltr'><strong>Tzschulr‘kii</strong></span> <span class='ocrx_word' id='word_1_128' title='bbox 676 2230 862 2292; x_wconf 84' lang='lat' dir='ltr'><strong>coniectura</strong></span> <span class='ocrx_word' id='word_1_129' title='bbox 888 2230 993 2293; x_wconf 74' lang='lat' dir='ltr'><strong>eareat</strong></span> <span class='ocrx_word' id='word_1_130' title='bbox 1012 2239 1144 2315; x_wconf 90' lang='lat' dir='ltr'><strong>propter</strong></span> <span class='ocrx_word' id='word_1_131' title='bbox 1166 2241 1316 2295; x_wconf 88' lang='lat' dir='ltr'><strong>metrum</strong></span> <span class='ocrx_word' id='word_1_132' title='bbox 1339 2202 1452 2295; x_wconf 85' lang='lat' dir='ltr'><strong>admitti</strong></span> 
     </span>
     <span class='ocr_line' id='line_1_18' title="bbox 311 2329 1451 2425; baseline 0.003 -28"><span class='ocrx_word' id='word_1_133' title='bbox 311 2342 431 2420; x_wconf 92' lang='lat' dir='ltr'><strong>potest,</strong></span> <span class='ocrx_word' id='word_1_134' title='bbox 455 2341 487 2395; x_wconf 90' lang='lat' dir='ltr'><strong>et</strong></span> <span class='ocrx_word' id='word_1_135' title='bbox 509 2330 592 2393; x_wconf 89' lang='lat' dir='ltr'><strong>bene</strong></span> <span class='ocrx_word' id='word_1_136' title='bbox 615 2352 650 2393; x_wconf 87' lang='lat' dir='ltr'><strong>se</strong></span> <span class='ocrx_word' id='word_1_137' title='bbox 671 2329 794 2394; x_wconf 89' lang='lat' dir='ltr'><strong>habent</strong></span> <span class='ocrx_word' id='word_1_138' title='bbox 815 2330 918 2394; x_wconf 89' lang='lat' dir='ltr'><strong>verba</strong></span> <span class='ocrx_word' id='word_1_139' title='bbox 940 2330 1025 2425; x_wconf 87' lang='lat' dir='ltr'><strong>inF</strong></span> <span class='ocrx_word' id='word_1_140' title='bbox 1043 2332 1175 2417; x_wconf 87' lang='lat' dir='ltr'><strong>scripta,</strong></span> <span class='ocrx_word' id='word_1_141' title='bbox 1201 2336 1294 2413; x_wconf 79' lang='lat' dir='ltr'><strong>quod</strong></span> <span class='ocrx_word' id='word_1_142' title='bbox 1314 2337 1396 2399; x_wconf 80' lang='lat' dir='ltr'><strong>valet</strong></span> <span class='ocrx_word' id='word_1_143' title='bbox 1414 2356 1451 2398; x_wconf 80' lang='lat' dir='ltr'><strong>cu·</strong></span> 
     </span>
     <span class='ocr_line' id='line_1_19' title="bbox 311 2432 1452 2518; baseline -0.001 -18"><span class='ocrx_word' id='word_1_144' title='bbox 311 2437 448 2514; x_wconf 79' lang='lat' dir='ltr'><strong>lumiius,</strong></span> <span class='ocrx_word' id='word_1_145' title='bbox 472 2432 568 2496; x_wconf 91' lang='lat' dir='ltr'><strong>modo</strong></span> <span class='ocrx_word' id='word_1_146' title='bbox 590 2441 784 2518; x_wconf 87' lang='lat' dir='ltr'><strong>transponas</strong></span> <span class='ocrx_word' id='word_1_147' title='bbox 807 2434 891 2514; x_wconf 80' lang='lat' dir='ltr'><strong>quod</strong></span> <span class='ocrx_word' id='word_1_148' title='bbox 911 2433 1077 2496; x_wconf 74' lang='lat' dir='ltr'><strong>calamites</strong></span> <span class='ocrx_word' id='word_1_149' title='bbox 1097 2435 1196 2497; x_wconf 61' lang='lat' dir='ltr'><strong>‹vold-</strong></span> <span class='ocrx_word' id='word_1_150' title='bbox 1235 2435 1327 2510; x_wconf 83' lang='lat' dir='ltr'><strong>Item</strong></span> <span class='ocrx_word' id='word_1_151' title='bbox 1351 2460 1383 2500; x_wconf 89' lang='lat' dir='ltr'><strong>v.</strong></span> <span class='ocrx_word' id='word_1_152' title='bbox 1403 2436 1452 2499; x_wconf 78' lang='lat'><strong>465</strong></span> 
     </span>
    </p>
   </div>
   <div class='ocr_carea' id='block_1_7' title="bbox 484 2576 1452 2653">
    <p class='ocr_par' dir='ltr' id='par_1_8' title="bbox 484 2576 1452 2653">
     <span class='ocr_line' id='line_1_20' title="bbox 484 2576 1452 2653; baseline -0.003 -18"><span class='ocrx_word' id='word_1_153' title='bbox 484 2576 652 2649; x_wconf 61' lang='lat' dir='ltr'><strong>Promisere</strong></span> <span class='ocrx_word' id='word_1_154' title='bbox 674 2577 707 2633; x_wconf 78' lang='lat' dir='ltr'><strong>in</strong></span> <span class='ocrx_word' id='word_1_155' title='bbox 723 2593 796 2648; x_wconf 80' lang='lat' dir='ltr'><strong>poce</strong></span> <span class='ocrx_word' id='word_1_156' title='bbox 818 2580 935 2647; x_wconf 75' lang='lat' dir='ltr'><strong>oportet,</strong></span> <span class='ocrx_word' id='word_1_157' title='bbox 958 2576 1030 2647; x_wconf 79' lang='lat' dir='ltr'><strong>quid</strong></span> <span class='ocrx_word' id='word_1_158' title='bbox 1052 2576 1155 2632; x_wconf 81' lang='lat' dir='ltr'><strong>bellum</strong></span> <span class='ocrx_word' id='word_1_159' title='bbox 1179 2578 1263 2635; x_wconf 79' lang='lat' dir='ltr'><strong>iuvet</strong></span> <span class='ocrx_word' id='word_1_160' title='bbox 1374 2609 1380 2615; x_wconf 29' lang='grc' dir='ltr'><em>η</em></span> <span class='ocrx_word' id='word_1_161' title='bbox 1448 2640 1452 2653; x_wconf 35' lang='grc' dir='ltr'>ι</span> 
     </span>
    </p>
   </div>
   <div class='ocr_carea' id='block_1_8' title="bbox 302 2707 1452 3012">
    <p class='ocr_par' dir='ltr' id='par_1_9' title="bbox 302 2707 1452 3012">
     <span class='ocr_line' id='line_1_21' title="bbox 311 2707 1452 2810; baseline -0.004 -20"><span class='ocrx_word' id='word_1_162' title='bbox 311 2727 396 2807; x_wconf 79' lang='lat' dir='ltr'><strong>qaod</strong></span> <span class='ocrx_word' id='word_1_163' title='bbox 416 2720 536 2808; x_wconf 88' lang='lat' dir='ltr'><strong>legitur</strong></span> <span class='ocrx_word' id='word_1_164' title='bbox 558 2724 593 2786; x_wconf 93' lang='lat' dir='ltr'><strong>in</strong></span> <span class='ocrx_word' id='word_1_165' title='bbox 615 2721 657 2803; x_wconf 82' lang='lat' dir='ltr'><strong>F,</strong></span> <span class='ocrx_word' id='word_1_166' title='bbox 680 2731 780 2801; x_wconf 90' lang='lat' dir='ltr'><strong>recte,</strong></span> <span class='ocrx_word' id='word_1_167' title='bbox 803 2722 932 2806; x_wconf 87' lang='lat' dir='ltr'><strong>opinor,</strong></span> <span class='ocrx_word' id='word_1_168' title='bbox 956 2723 1003 2784; x_wconf 83' lang='lat' dir='ltr'><strong>ita</strong></span> <span class='ocrx_word' id='word_1_169' title='bbox 1024 2730 1061 2785; x_wconf 94' lang='lat' dir='ltr'><strong>ut</strong></span> <span class='ocrx_word' id='word_1_170' title='bbox 1082 2743 1122 2784; x_wconf 90' lang='lat' dir='ltr'><strong>ne</strong></span> <span class='ocrx_word' id='word_1_171' title='bbox 1142 2707 1387 2789; x_wconf 87' lang='lat' dir='ltr'><strong>emendatione·</strong></span> <span class='ocrx_word' id='word_1_172' title='bbox 1399 2726 1452 2810; x_wconf 90' lang='lat' dir='ltr'><strong>qui·</strong></span> 
     </span>
     <span class='ocr_line' id='line_1_22' title="bbox 302 2821 1450 2912; baseline -0.004 -22"><span class='ocrx_word' id='word_1_173' title='bbox 302 2828 387 2890; x_wconf 90' lang='lat' dir='ltr'><strong>-dem</strong></span> <span class='ocrx_word' id='word_1_174' title='bbox 409 2848 490 2912; x_wconf 90' lang='lat' dir='ltr'><strong>opus</strong></span> <span class='ocrx_word' id='word_1_175' title='bbox 519 2829 562 2888; x_wconf 90' lang='lat' dir='ltr'><strong>sit</strong></span> <span class='ocrx_word' id='word_1_176' title='bbox 583 2847 603 2887; x_wconf 88' lang='lat' dir='ltr'><strong>a</strong></span> <span class='ocrx_word' id='word_1_177' title='bbox 625 2823 721 2888; x_wconf 89' lang='lat' dir='ltr'><strong>nobis</strong></span> <span class='ocrx_word' id='word_1_178' title='bbox 743 2821 821 2886; x_wconf 90' lang='lat' dir='ltr'><strong>olim</strong></span> <span class='ocrx_word' id='word_1_179' title='bbox 844 2824 1046 2907; x_wconf 83' lang='lat' dir='ltr'><strong>excogitata,</strong></span> <span class='ocrx_word' id='word_1_180' title='bbox 1076 2822 1174 2909; x_wconf 79' lang='lat' dir='ltr'><strong>‘quod</strong></span> <span class='ocrx_word' id='word_1_181' title='bbox 1197 2824 1329 2889; x_wconf 89' lang='lat' dir='ltr'><strong>bellum</strong></span> <span class='ocrx_word' id='word_1_182' title='bbox 1351 2827 1450 2891; x_wconf 87' lang='lat' dir='ltr'><strong>iubet&#39;.</strong></span> 
     </span>
     <span class='ocr_line' id='line_1_23' title="bbox 312 2916 1417 3012; baseline 0 -20"><span class='ocrx_word' id='word_1_183' title='bbox 312 2929 435 2992; x_wconf 90' lang='lat' dir='ltr'><strong>Misere</strong></span> <span class='ocrx_word' id='word_1_184' title='bbox 457 2926 598 3012; x_wconf 88' lang='lat' dir='ltr'><strong>denique</strong></span> <span class='ocrx_word' id='word_1_185' title='bbox 620 2925 759 2988; x_wconf 90' lang='lat' dir='ltr'><strong>detorsit</strong></span> <span class='ocrx_word' id='word_1_186' title='bbox 780 2924 868 2987; x_wconf 90' lang='lat' dir='ltr'><strong>idem</strong></span> <span class='ocrx_word' id='word_1_187' title='bbox 889 2923 945 2987; x_wconf 90' lang='lat' dir='ltr'><strong>ille</strong></span> <span class='ocrx_word' id='word_1_188' title='bbox 967 2925 1075 2988; x_wconf 90' lang='lat' dir='ltr'><strong>editor</strong></span> <span class='ocrx_word' id='word_1_189' title='bbox 1095 2916 1229 2988; x_wconf 80' lang='lat' dir='ltr'><strong>versum</strong></span> <span class='ocrx_word' id='word_1_190' title='bbox 1251 2928 1319 2992; x_wconf 78' lang='lat'><strong>375</strong></span> <span class='ocrx_word' id='word_1_191' title='bbox 1416 2917 1417 2920; x_wconf 22' lang='lat'>¹</span> 
     </span>
    </p>
   </div>
   <div class='ocr_carea' id='block_1_9' title="bbox 516 3068 1235 3139">
    <p class='ocr_par' dir='ltr' id='par_1_10' title="bbox 516 3068 1235 3139">
     <span class='ocr_line' id='line_1_24' title="bbox 516 3068 1235 3139; baseline 0.001 -14"><span class='ocrx_word' id='word_1_192' title='bbox 516 3068 623 3125; x_wconf 77' lang='lat' dir='ltr'><strong>Minus</strong></span> <span class='ocrx_word' id='word_1_193' title='bbox 642 3084 728 3139; x_wconf 75' lang='lat' dir='ltr'><strong>saepe</strong></span> <span class='ocrx_word' id='word_1_194' title='bbox 743 3084 851 3139; x_wconf 74' lang='lat' dir='ltr'><strong>pecces,</strong></span> <span class='ocrx_word' id='word_1_195' title='bbox 873 3069 900 3124; x_wconf 84' lang='lat' dir='ltr'><strong>si</strong></span> <span class='ocrx_word' id='word_1_196' title='bbox 919 3069 996 3125; x_wconf 80' lang='lat' dir='ltr'><strong>seius</strong></span> <span class='ocrx_word' id='word_1_197' title='bbox 1017 3068 1093 3139; x_wconf 79' lang='lat' dir='ltr'><strong>quod</strong></span> <span class='ocrx_word' id='word_1_198' title='bbox 1114 3069 1235 3135; x_wconf 78' lang='lat' dir='ltr'><strong>nescius,</strong></span> 
     </span>
    </p>
   </div>
   <div class='ocr_carea' id='block_1_10' title="bbox 124 3212 1491 3404">
    <p class='ocr_par' dir='ltr' id='par_1_11' title="bbox 124 3212 1491 3404">
     <span class='ocr_line' id='line_1_25' title="bbox 124 3212 1208 3300; baseline -0.002 -21"><span class='ocrx_word' id='word_1_199' title='bbox 124 3282 130 3291; x_wconf 72' lang='grc'><strong>,</strong></span> <span class='ocrx_word' id='word_1_200' title='bbox 245 3288 249 3295; x_wconf 41' lang='grc'>,</span> <span class='ocrx_word' id='word_1_201' title='bbox 313 3214 484 3279; x_wconf 88' lang='lat' dir='ltr'><strong>inferendo</strong></span> <span class='ocrx_word' id='word_1_202' title='bbox 506 3215 592 3296; x_wconf 78' lang='lat' dir='ltr'><strong>quid.</strong></span> <span class='ocrx_word' id='word_1_203' title='bbox 636 3212 689 3277; x_wconf 78' lang='lat' dir='ltr'><strong>Of.</strong></span> <span class='ocrx_word' id='word_1_204' title='bbox 712 3223 881 3300; x_wconf 88' lang='lat' dir='ltr'><strong>praeterea</strong></span> <span class='ocrx_word' id='word_1_205' title='bbox 901 3213 1014 3278; x_wconf 87' lang='lat' dir='ltr'><strong>adnot.</strong></span> <span class='ocrx_word' id='word_1_206' title='bbox 1035 3213 1079 3276; x_wconf 89' lang='lat' dir='ltr'><strong>ad</strong></span> <span class='ocrx_word' id='word_1_207' title='bbox 1101 3236 1132 3277; x_wconf 86' lang='lat' dir='ltr'><strong>v.</strong></span> <span class='ocrx_word' id='word_1_208' title='bbox 1156 3213 1208 3277; x_wconf 87' lang='lat'><strong>63.</strong></span> 
     </span>
     <span class='ocr_line' id='line_1_26' title="bbox 398 3313 1491 3404; baseline -0.002 -25"><span class='ocrx_word' id='word_1_209' title='bbox 398 3315 655 3403; x_wconf 88' lang='lat' dir='ltr'><strong>Hemigraphiae</strong></span> <span class='ocrx_word' id='word_1_210' title='bbox 682 3315 865 3399; x_wconf 85' lang='lat' dir='ltr'><strong>insigniora</strong></span> <span class='ocrx_word' id='word_1_211' title='bbox 888 3314 1050 3402; x_wconf 88' lang='lat' dir='ltr'><strong>quaedam</strong></span> <span class='ocrx_word' id='word_1_212' title='bbox 1073 3313 1223 3403; x_wconf 82' lang='lat' dir='ltr'><strong>exempla</strong></span> <span class='ocrx_word' id='word_1_213' title='bbox 1250 3319 1449 3404; x_wconf 87' lang='lat' dir='ltr'><strong>proposuisse</strong></span> <span class='ocrx_word' id='word_1_214' title='bbox 1490 3328 1491 3332; x_wconf 77' lang='grc'>’</span> 
     </span>
    </p>
   </div>
   <div class='ocr_carea' id='block_1_11' title="bbox 314 3417 1346 3632">
    <p class='ocr_par' dir='ltr' id='par_1_12' title="bbox 314 3417 1346 3632">
     <span class='ocr_line' id='line_1_27' title="bbox 314 3417 850 3504; baseline -0.004 -22"><span class='ocrx_word' id='word_1_215' title='bbox 314 3417 402 3483; x_wconf 87' lang='lat' dir='ltr'><strong>haud</strong></span> <span class='ocrx_word' id='word_1_216' title='bbox 424 3417 560 3504; x_wconf 88' lang='lat' dir='ltr'><strong>pigebit.</strong></span> <span class='ocrx_word' id='word_1_217' title='bbox 605 3417 646 3480; x_wconf 91' lang='lat' dir='ltr'><strong>In</strong></span> <span class='ocrx_word' id='word_1_218' title='bbox 668 3439 768 3480; x_wconf 88' lang='lat' dir='ltr'><strong>versu</strong></span> <span class='ocrx_word' id='word_1_219' title='bbox 789 3417 850 3481; x_wconf 87' lang='lat'><strong>381</strong></span> 
     </span>
     <span class='ocr_line' id='line_1_28' title="bbox 398 3560 1346 3632; baseline 0.002 -14"><span class='ocrx_word' id='word_1_220' title='bbox 398 3560 507 3619; x_wconf 79' lang='lat' dir='ltr'><strong>Nullus</strong></span> <span class='ocrx_word' id='word_1_221' title='bbox 528 3566 569 3620; x_wconf 84' lang='lat' dir='ltr'><strong>est</strong></span> <span class='ocrx_word' id='word_1_222' title='bbox 590 3565 691 3620; x_wconf 74' lang='lat' dir='ltr'><strong>taetus</strong></span> <span class='ocrx_word' id='word_1_223' title='bbox 712 3565 858 3632; x_wconf 72' lang='lat' dir='ltr'><strong>quaestus,</strong></span> <span class='ocrx_word' id='word_1_224' title='bbox 881 3577 970 3631; x_wconf 79' lang='lat' dir='ltr'><strong>quom</strong></span> <span class='ocrx_word' id='word_1_225' title='bbox 991 3560 1068 3632; x_wconf 77' lang='lat' dir='ltr'><strong>qood</strong></span> <span class='ocrx_word' id='word_1_226' title='bbox 1088 3560 1196 3617; x_wconf 71' lang='lat' dir='ltr'><strong>trabeas</strong></span> <span class='ocrx_word' id='word_1_227' title='bbox 1212 3577 1346 3632; x_wconf 77' lang='lat' dir='ltr'><strong>parcere,</strong></span> 
     </span>
    </p>
   </div>
   <div class='ocr_carea' id='block_1_12' title="bbox 313 3689 1496 4468">
    <p class='ocr_par' dir='ltr' id='par_1_13' title="bbox 313 3689 1496 4468">
     <span class='ocr_line' id='line_1_29' title="bbox 314 3689 1496 3777; baseline -0.005 -21"><span class='ocrx_word' id='word_1_228' title='bbox 314 3693 476 3757; x_wconf 88' lang='lat' dir='ltr'><strong>sententia</strong></span> <span class='ocrx_word' id='word_1_229' title='bbox 498 3691 631 3777; x_wconf 87' lang='lat' dir='ltr'><strong>quidem</strong></span> <span class='ocrx_word' id='word_1_230' title='bbox 653 3700 802 3756; x_wconf 82' lang='lat' dir='ltr'><strong>constare</strong></span> <span class='ocrx_word' id='word_1_231' title='bbox 823 3689 967 3773; x_wconf 82' lang='lat' dir='ltr'><strong>videtur,</strong></span> <span class='ocrx_word' id='word_1_232' title='bbox 990 3711 1104 3752; x_wconf 79' lang='lat' dir='ltr'><strong>versus</strong></span> <span class='ocrx_word' id='word_1_233' title='bbox 1126 3710 1192 3752; x_wconf 92' lang='lat' dir='ltr'><strong>non</strong></span> <span class='ocrx_word' id='word_1_234' title='bbox 1212 3691 1305 3754; x_wconf 90' lang='lat' dir='ltr'><strong>item.</strong></span> <span class='ocrx_word' id='word_1_235' title='bbox 1350 3691 1450 3776; x_wconf 89' lang='lat' dir='ltr'><strong>Neque</strong></span> <span class='ocrx_word' id='word_1_236' title='bbox 1495 3744 1496 3770; x_wconf 55' lang='lat'><strong>,</strong></span> 
     </span>
     <span class='ocr_line' id='line_1_30' title="bbox 314 3791 1496 3880; baseline -0.003 -23"><span class='ocrx_word' id='word_1_237' title='bbox 314 3804 424 3857; x_wconf 84' lang='lat' dir='ltr'><strong>tamen</strong></span> <span class='ocrx_word' id='word_1_238' title='bbox 450 3794 565 3876; x_wconf 88' lang='lat' dir='ltr'><strong>negari</strong></span> <span class='ocrx_word' id='word_1_239' title='bbox 593 3802 701 3878; x_wconf 90' lang='lat' dir='ltr'><strong>potest</strong></span> <span class='ocrx_word' id='word_1_240' title='bbox 727 3794 963 3878; x_wconf 87' lang='lat' dir='ltr'><strong>negotiatorem</strong></span> <span class='ocrx_word' id='word_1_241' title='bbox 988 3802 1020 3855; x_wconf 88' lang='lat' dir='ltr'><strong>et</strong></span> <span class='ocrx_word' id='word_1_242' title='bbox 1045 3792 1199 3855; x_wconf 89' lang='lat' dir='ltr'><strong>maiorem</strong></span> <span class='ocrx_word' id='word_1_243' title='bbox 1227 3791 1339 3863; x_wconf 85' lang='lat' dir='ltr'><strong>faeere</strong></span> <span class='ocrx_word' id='word_1_244' title='bbox 1367 3813 1451 3880; x_wconf 89' lang='lat' dir='ltr'><strong>quae·</strong></span> <span class='ocrx_word' id='word_1_245' title='bbox 1494 3808 1496 3878; x_wconf 53' lang='lat' dir='ltr'><strong>l</strong></span> 
     </span>
     <span class='ocr_line' id='line_1_31' title="bbox 314 3892 1496 3981; baseline -0.003 -23"><span class='ocrx_word' id='word_1_246' title='bbox 314 3904 411 3976; x_wconf 84' lang='lat' dir='ltr'><strong>stum,</strong></span> <span class='ocrx_word' id='word_1_247' title='bbox 435 3903 467 3957; x_wconf 93' lang='lat' dir='ltr'><strong>et</strong></span> <span class='ocrx_word' id='word_1_248' title='bbox 489 3896 614 3958; x_wconf 90' lang='lat' dir='ltr'><strong>minore</strong></span> <span class='ocrx_word' id='word_1_249' title='bbox 635 3892 745 3963; x_wconf 86' lang='lat' dir='ltr'><strong>labore</strong></span> <span class='ocrx_word' id='word_1_250' title='bbox 768 3905 801 3958; x_wconf 88' lang='lat' dir='ltr'><strong>et</strong></span> <span class='ocrx_word' id='word_1_251' title='bbox 823 3895 972 3958; x_wconf 84' lang='lat' dir='ltr'><strong>breviore</strong></span> <span class='ocrx_word' id='word_1_252' title='bbox 994 3903 1150 3980; x_wconf 89' lang='lat' dir='ltr'><strong>tempore,</strong></span> <span class='ocrx_word' id='word_1_253' title='bbox 1174 3915 1248 3956; x_wconf 93' lang='lat' dir='ltr'><strong>eum</strong></span> <span class='ocrx_word' id='word_1_254' title='bbox 1271 3897 1330 3980; x_wconf 91' lang='lat' dir='ltr'><strong>qui</strong></span> <span class='ocrx_word' id='word_1_255' title='bbox 1351 3903 1453 3981; x_wconf 89' lang='lat' dir='ltr'><strong>parcat</strong></span> <span class='ocrx_word' id='word_1_256' title='bbox 1494 3897 1496 3972; x_wconf 72' lang='lat' dir='ltr'><strong>l</strong></span> 
     </span>
     <span class='ocr_line' id='line_1_32' title="bbox 313 3993 1454 4082; baseline -0.003 -22"><span class='ocrx_word' id='word_1_257' title='bbox 313 3997 375 4060; x_wconf 85' lang='lat' dir='ltr'><strong>hoc</strong></span> <span class='ocrx_word' id='word_1_258' title='bbox 396 4004 525 4059; x_wconf 89' lang='lat' dir='ltr'><strong>tantum</strong></span> <span class='ocrx_word' id='word_1_259' title='bbox 552 4006 734 4082; x_wconf 86' lang='lat' dir='ltr'><strong>praestare,</strong></span> <span class='ocrx_word' id='word_1_260' title='bbox 766 3995 852 4082; x_wconf 93' lang='lat' dir='ltr'><strong>quod</strong></span> <span class='ocrx_word' id='word_1_261' title='bbox 874 3993 999 4059; x_wconf 90' lang='lat' dir='ltr'><strong>nullum</strong></span> <span class='ocrx_word' id='word_1_262' title='bbox 1022 3995 1138 4059; x_wconf 90' lang='lat' dir='ltr'><strong>subeat</strong></span> <span class='ocrx_word' id='word_1_263' title='bbox 1158 3995 1360 4081; x_wconf 88' lang='lat' dir='ltr'><strong>periculum,</strong></span> <span class='ocrx_word' id='word_1_264' title='bbox 1390 4018 1454 4060; x_wconf 86' lang='lat' dir='ltr'><strong>euru</strong></span> 
     </span>
     <span class='ocr_line' id='line_1_33' title="bbox 315 4096 1454 4186; baseline -0.003 -24"><span class='ocrx_word' id='word_1_265' title='bbox 315 4120 420 4185; x_wconf 90' lang='lat' dir='ltr'><strong>neque</strong></span> <span class='ocrx_word' id='word_1_266' title='bbox 435 4121 456 4162; x_wconf 93' lang='lat' dir='ltr'><strong>a</strong></span> <span class='ocrx_word' id='word_1_267' title='bbox 470 4096 708 4184; x_wconf 80' lang='lat' dir='ltr'><strong>tranquillitate</strong></span> <span class='ocrx_word' id='word_1_268' title='bbox 730 4099 828 4161; x_wconf 88' lang='lat' dir='ltr'><strong>maris</strong></span> <span class='ocrx_word' id='word_1_269' title='bbox 851 4120 956 4184; x_wconf 87' lang='lat' dir='ltr'><strong>neque</strong></span> <span class='ocrx_word' id='word_1_270' title='bbox 971 4097 1013 4160; x_wconf 91' lang='lat' dir='ltr'><strong>ab</strong></span> <span class='ocrx_word' id='word_1_271' title='bbox 1028 4120 1180 4182; x_wconf 87' lang='lat' dir='ltr'><strong>agrorum</strong></span> <span class='ocrx_word' id='word_1_272' title='bbox 1197 4096 1372 4162; x_wconf 86' lang='lat' dir='ltr'><strong>fertilitate</strong></span> <span class='ocrx_word' id='word_1_273' title='bbox 1388 4120 1454 4186; x_wconf 90' lang='lat' dir='ltr'><strong>pen·</strong></span> 
     </span>
     <span class='ocr_line' id='line_1_34' title="bbox 316 4198 1457 4285; baseline 0 -21"><span class='ocrx_word' id='word_1_274' title='bbox 316 4201 402 4265; x_wconf 91' lang='lat' dir='ltr'><strong>deat.</strong></span> <span class='ocrx_word' id='word_1_275' title='bbox 447 4200 531 4265; x_wconf 86' lang='lat' dir='ltr'><strong>Cum</strong></span> <span class='ocrx_word' id='word_1_276' title='bbox 552 4200 654 4284; x_wconf 87' lang='lat' dir='ltr'><strong>igitur</strong></span> <span class='ocrx_word' id='word_1_277' title='bbox 675 4223 740 4265; x_wconf 91' lang='lat' dir='ltr'><strong>non</strong></span> <span class='ocrx_word' id='word_1_278' title='bbox 761 4210 878 4285; x_wconf 88' lang='lat' dir='ltr'><strong>agatur</strong></span> <span class='ocrx_word' id='word_1_279' title='bbox 900 4199 941 4262; x_wconf 91' lang='lat' dir='ltr'><strong>de</strong></span> <span class='ocrx_word' id='word_1_280' title='bbox 958 4198 1185 4285; x_wconf 88' lang='lat' dir='ltr'><strong>magnitudine</strong></span> <span class='ocrx_word' id='word_1_281' title='bbox 1200 4210 1371 4284; x_wconf 87' lang='lat' dir='ltr'><strong>quaestus,</strong></span> <span class='ocrx_word' id='word_1_282' title='bbox 1394 4206 1457 4266; x_wconf 77' lang='lat' dir='ltr'><strong>taa-</strong></span> 
     </span>
     <span class='ocr_line' id='line_1_35' title="bbox 316 4300 1459 4389; baseline 0.001 -22"><span class='ocrx_word' id='word_1_283' title='bbox 316 4308 366 4367; x_wconf 79' lang='lat' dir='ltr'><strong>tos</strong></span> <span class='ocrx_word' id='word_1_284' title='bbox 387 4302 476 4366; x_wconf 90' lang='lat' dir='ltr'><strong>haud</strong></span> <span class='ocrx_word' id='word_1_285' title='bbox 504 4301 605 4366; x_wconf 90' lang='lat' dir='ltr'><strong>dubie</strong></span> <span class='ocrx_word' id='word_1_286' title='bbox 628 4312 815 4389; x_wconf 88' lang='lat' dir='ltr'><strong>corruptum</strong></span> <span class='ocrx_word' id='word_1_287' title='bbox 837 4312 902 4385; x_wconf 81' lang='lat' dir='ltr'><strong>est3</strong></span> <span class='ocrx_word' id='word_1_288' title='bbox 931 4300 1093 4366; x_wconf 92' lang='lat' dir='ltr'><strong>Publilius</strong></span> <span class='ocrx_word' id='word_1_289' title='bbox 1116 4310 1226 4364; x_wconf 91' lang='lat' dir='ltr'><strong>autem</strong></span> <span class='ocrx_word' id='word_1_290' title='bbox 1249 4302 1387 4389; x_wconf 90' lang='lat' dir='ltr'><strong>scripsit</strong></span> <span class='ocrx_word' id='word_1_291' title='bbox 1408 4326 1459 4367; x_wconf 90' lang='lat' dir='ltr'><strong>nu·</strong></span> 
     </span>
     <span class='ocr_line' id='line_1_36' title="bbox 316 4404 628 4468; baseline 0 -4"><span class='ocrx_word' id='word_1_292' title='bbox 316 4407 415 4468; x_wconf 88' lang='lat' dir='ltr'><strong>meris</strong></span> <span class='ocrx_word' id='word_1_293' title='bbox 435 4404 628 4468; x_wconf 90' lang='lat' dir='ltr'><strong>trochaicis:</strong></span> 
     </span>
    </p>
   </div>
   <div class='ocr_carea' id='block_1_13' title="bbox 0 0 1523 5108">
    <p class='ocr_par' dir='ltr' id='par_1_14' title="bbox 0 0 1523 5108">
     <span class='ocr_line' id='line_1_37' title="bbox 0 0 1523 5108; baseline 0 0"><span class='ocrx_word' id='word_1_294' title='bbox 0 0 1523 5108; x_wconf 95' lang='lat' dir='ltr'><strong> </strong></span> 
     </span>
    </p>
   </div>
  </div>
 </body>
</html>
