3044 5124
391 391 547 438 Puemnu
570 391 648 439 srm
672 363 901 440 sauruuriuu.

58 551 131 610 480
153 545 338 609 Paucorum
361 552 410 607 θεῖ
432 543 633 628 intellegere,
657 544 737 629 quid
759 545 858 620 donet
880 543 963 607 dies.

154 647 302 709 Perenne
325 646 514 730 coniugium
535 647 671 726 animur,
694 668 760 711 non
781 667 897 734 corpus
920 647 1011 710 facit.

55 732 59 737 ⁴
106 771 114 779 ¹
153 746 319 811 Pereundi
342 748 426 811 scire
448 757 576 834 tempus
598 747 731 812 assidue
753 757 803 812 θεῖ
824 749 917 813 mori.

114 864 118 867 ’
154 849 286 914 Potenti
309 849 408 914 irasci
429 848 494 913 sibi
516 848 675 936 periclum
697 859 747 914 est
769 871 948 939 quaerere.
1118 872 1120 875 ·

154 951 295 1014 Peccare
318 954 414 1038 pauci
436 950 562 1034 nolunt,
585 950 668 1015 nulli
689 952 850 1016 nesciunt.
1033 948 1036 951 ¹

59 1061 131 1118 485
154 1053 338 1117 Paucorum
360 1053 553 1141 improbitas
576 1053 739 1117 universis
761 1052 941 1119 calamitas.
1049 1107 1055 1111 .

154 1156 218 1218 Pro
240 1153 381 1219 dominis
403 1177 539 1241 peceare
562 1157 660 1219 etiam
683 1156 815 1219 virtutis
838 1155 908 1221 loco
931 1166 991 1221 est.

154 1255 314 1321 Patiendo
337 1257 440 1322 multa
462 1254 618 1339 veniunt,
633 1279 716 1343 quae
737 1280 880 1344 nequeas
904 1260 983 1344 pati.
1100 1265 1123 1336 J

155 1358 293 1423 Paratae
315 1357 469 1423 lacrimae
491 1359 641 1443 insidiae,
665 1381 730 1423 non
752 1359 862 1424 fletum
881 1360 1038 1426 indicant.

155 1461 330 1524 Peccatum
353 1456 522 1545 extenuat,
546 1463 602 1547 qui
625 1459 773 1525 celeriter
795 1463 961 1551 corrigit.

60 1569 134 1626 490
157 1552 320 1627 Pudorem
341 1561 463 1626 habere
485 1564 627 1627 servitus
650 1563 888 1648 quodammodo
912 1574 970 1628 θεῖ.

154 1663 236 1750 Pote
260 1713 267 1726 .
292 1712 300 1726 .
325 1713 332 1726 .
355 1665 390 1727 in
412 1664 561 1732 adversis
583 1686 761 1750 numquam
783 1663 934 1736 felicitas.

154 1764 330 1829 Prudentis
352 1765 463 1831 vultus
487 1767 585 1830 etiam
608 1767 765 1830 sermonis
787 1765 859 1831 loeo
882 1777 941 1832 θεῖ.

153 1866 262 1931 Probo
283 1866 479 1935 beneficium
502 1870 557 1954 qui
580 1867 648 1952 dat,
672 1878 829 1955 exparte
851 1870 983 1956 accipit.

153 1967 284 2032 Pudore
307 1991 401 2055 quem
423 1993 489 2034 non
510 1969 627 2052 flectis,
650 1992 715 2034 non
738 1970 861 2054 frangit
883 1972 991 2035 timor.
1078 1987 1087 1995 ·

61 2077 131 2135 495
155 2069 265 2134 Poena
286 2069 457 2154 allevatur,
480 2071 539 2136 ubi
560 2071 738 2140 relaxatur
751 2071 854 2136 dolor.

154 2171 270 2237 Plures
293 2174 376 2258 tegit
398 2174 540 2255 fortuna,
564 2184 660 2259 quam
682 2183 769 2238 tutos
792 2173 884 2238 facit.
912 2235 922 2250 .

154 2275 234 2339 Post
256 2274 473 2339 calamitatem
495 2277 652 2340 memoria
674 2274 738 2339 alia
761 2285 811 2339 est
833 2275 1011 2340 calamitas.

63 2581 205 2631 comeus
226 2589 251 2626 v.
268 2570 450 2630 450-500:
473 2573 502 2628 F
514 2569 565 2644 (Τ)

154 2723 218 2782 480
238 2720 370 2782 *donetz
399 2724 446 2781 det
466 2726 507 2797 F,
531 2726 573 2780 cui
597 2724 643 2781 det
666 2724 789 2795 Gruter,
813 2726 884 2782 celet
905 2727 1095 2798 Ribbeetu'us,
1121 2727 1218 2783 doceat

64 2802 148 2882 (dies)
165 2809 195 2868 G.
211 2810 337 2874 Mer’cer5
360 2810 399 2883 ef.
418 2811 458 2866 ad
477 2828 502 2866 v.
519 2808 581 2867 467
668 2796 758 2864 *dies
781 2813 817 2866 el.
838 2830 862 2867 u.
881 2811 955 2868 137:
981 2811 1048 2868 deus
1064 2811 1217 2903 Fleudem

5 2946 9 2957 .
65 2897 239 2966 corruptela
255 2914 280 2952 u.
299 2894 387 2967 632);
410 2895 488 2951 decet
510 2894 576 2950 deos
592 2895 712 2969 quolst.
814 2895 875 2952 482
899 2914 925 2970 p.
943 2905 963 2952 t.
981 2914 1004 2952 s.
1023 2904 1064 2952 est
1080 2890 1148 2954 mori
1164 2897 1217 2952 lre·
1284 2905 1298 2913 ·

65 2980 247 3054 quentissime
265 2981 291 3035 Τ
372 2979 434 3036 483
456 2979 588 3053 periclum
605 2981 768 3037 Bentleius:
789 2972 940 3054 periculum
955 2983 995 3046 F;
1017 2983 1086 3056 petit
1102 2983 1148 3055 qui
1165 2982 1217 3038 iru-

66 3065 157 3119 scitur
176 3058 327 3137 perieulum
348 3064 398 3120 sibi
421 3081 552 3138 generare
576 3065 601 3120 Τ
683 3057 746 3121 484
768 3065 846 3121 multi
869 3069 942 3123 coni.
965 3068 1075 3123 Gruter
1095 3070 1131 3123 et.
1150 3068 1218 3124 Seu.

66 3153 154 3227 epist.
166 3149 264 3220 90‚46
282 3147 408 3206 ‘multum
423 3151 537 3205 interest
553 3157 643 3205 utrum
659 3166 770 3223 peecare
786 3151 881 3223 aliquis
897 3152 965 3208 nolit
980 3169 1013 3207 an
1025 3153 1136 3207 nesciat.
1152 3149 1217 3208 etc'
1241 3184 1242 3187 =

154 3233 220 3291 485.
239 3234 373 3291 calamitas
393 3235 524 3308 quotst..·
545 3242 587 3290 est
607 3234 656 3290 cal.
673 3236 702 3290 F
784 3234 846 3292 487
869 3233 1010 3323 patiendo]
1033 3237 1078 3308 Cf.
1094 3248 1125 3292 u.
1143 3236 1214 3311 298.
1320 3246 1323 3251 ’

69 3318 144 3375 535.
189 3318 316 3375 Patiends
333 3320 364 3375 G.
380 3319 498 3392 Meyer,
514 3319 640 3392 patiendo
657 3337 692 3374 m.
710 3319 780 3375 haud
795 3338 819 3374 v.
837 3321 938 3395 Mu'lrty
971 3332 974 3336 ’
1029 3321 1091 3378 488
1114 3321 1217 3380 luctum

67 3403 166 3460 Bothe
258 3403 319 3460 489
344 3404 389 3476 qui
410 3403 443 3459 de
470 3403 544 3459 brevi
565 3405 738 3460 commissum
760 3405 928 3461 commendat
950 3404 1015 3480 (leq.
1037 3404 1170 3477 emendat)
1195 3406 1220 3461 Τ

156 3487 218 3546 490
240 3488 286 3560 Gf·
303 3488 363 3544 583
471 3488 531 3545 491
556 3497 622 3562 pote
644 3492 688 3546 vet
707 3495 800 3562 potest
822 3531 828 3544 .
853 3532 859 3544 .
881 3494 1002 3562 scripsi.-
1029 3498 1122 3564 potest
1142 3490 1216 3546 ultus

67 3574 107 3644 F,
128 3580 297 3646 corruptum
317 3588 357 3630 ex
372 3592 398 3630 v.
414 3572 492 3643 4923
515 3576 586 3646 perit
602 3575 688 3629 omnis
703 3573 821 3646 Mu'trty,
842 3575 964 3647 potentis
979 3576 1096 3649 quotst.
1112 3576 1217 3648 patiens

67 3659 209 3714 Pithoeus
304 3658 366 3715 492
389 3658 531 3732 prudentis
552 3659 643 3714 vultus
664 3662 738 3715 eoui.
763 3659 1038 3735 Grutergprudenti
1058 3659 1159 3714 stultus
1181 3661 1217 3730 F,

67 3741 201 3816 prudenti
221 3742 313 3798 vultus
336 3744 443 3800 Bothe,
521 3743 581 3799 loeo
605 3751 647 3799 est
668 3747 742 3800 coni.
766 3744 890 3800 Gruter:
912 3745 988 3800 iocus
1010 3752 1052 3800 est
1072 3745 1112 3807 F,·
1135 3744 1176 3816 ef.
1192 3762 1217 3800 v.

68 3827 134 3885 486
220 3826 282 3884 494
306 3822 323 3860 *
339 3827 444 3901 pudore
461 3845 540 3901 quem
555 3844 611 3883 non
626 3827 712 3884 flectis
730 3826 874 3902 (flectas?):
897 3828 985 3902 pudor
1001 3847 1027 3902 q.
1041 3845 1068 3886 n.
1084 3826 1169 3884 flectit
1179 3830 1217 3899 F,

67 3930 98 3986 p.
117 3929 143 3985 q.
160 3911 252 3967 nullus
269 3910 356 3977 flectit
369 3914 486 3985 Me'tlrly,
507 3931 534 3987 p.
552 3930 578 3986 q.
594 3930 650 3968 non
664 3912 781 3969 reflectit
796 3914 900 3984 Bothe,
915 3930 943 3986 p.
960 3930 1148 3986 quemcunque
1163 3930 1218 3969 non

68 3997 168 4068 flectit,
183 3996 291 4071 frangat
307 4005 327 4052 t.
346 3998 462 4054 Gruter.
503 3997 546 4070 Gf.
563 4017 586 4054 u.
604 3997 676 4070 553,
692 4015 784 4068 supra
797 4016 847 4073 pq.
866 3998 905 4054 58
922 4006 949 4054 et
967 4000 1081 4055 Terent.
1097 3998 1218 4069 Adelph.

70 4080 203 4153 1‚1‚32
226 4081 344 4137 ‘Pudore
365 4090 392 4138 et
413 4082 573 4139 liberalitate
593 4081 693 4137 liberos
708 4081 836 4138 Retinere
858 4084 942 4138 satius
964 4100 1024 4139 esse
1040 4082 1121 4138 eredo
1137 4099 1217 4156 quam

67 4167 166 4223 metu?
204 4227 206 4230 y
253 4165 315 4223 495
338 4166 468 4223 allevatur
484 4168 605 4223 Gruter:
628 4166 733 4222 levatur
748 4169 777 4223 F
859 4167 904 4223 ulti
919 4168 1054 4224 relaxatur
1067 4165 1218 4224 Halmius:

68 4250 115 4306 ubi
131 4251 236 4307 laxatur
251 4252 288 4322 F,
306 4259 370 4307 tuuc
385 4251 430 4307 ubi
445 4252 462 4308 l.
480 4255 562 4326 uutqo
655 4251 718 4309 496
741 4252 809 4326 legit
824 4253 918 4309 Bothe
1009 4252 1072 4307 tacit
1087 4250 1218 4325 leuctra:
1297 4296 1300 4300 .
1417 4294 1424 4306 .

65 4336 150 4430 saciat
164 4337 193 4391 F
261 4334 338 4427 ’497
361 4337 500 4394 Meuuud.
515 4335 639 4393 Monost.
655 4335 717 4393 435
733 4323 768 4392 ori
784 4324 845 4415 ,χρὴ
861 4331 964 4412 ,φέρειν
984 4328 1019 4391 roi
1034 4330 1169 4411 πρόσθεν
1185 4328 1218 4392 ἐν

44 4503 46 4507 Δ
63 4437 172 4500 μνημῃ
188 4438 277 4476 κακα.

976 4516 1013 4569 7*
