3044 5124
305 388 375 459 124
700 403 920 454 suuruurrun
942 403 1053 452 russo

387 557 485 622 Felix
507 558 699 623 criminibus
721 556 829 623 nullus
851 579 1005 644 umquam
1029 558 1091 622 erit
1114 558 1182 622 diu.

385 659 483 725 Felix
506 669 641 724 estnon
663 661 719 747 qui
741 660 873 725 videtur
896 682 966 724 esse
988 660 1072 741 aliis,
1096 660 1155 725 sed
1182 661 1239 747 qui
1261 660 1332 724 sibi.

304 768 364 827 135
387 761 485 825 Felix
507 760 640 825 videtur
663 762 719 847 qui
741 761 827 825 mala
849 763 980 847 ignorat
1001 784 1070 826 sua.

375 863 506 927 rFerme
527 861 684 947 fugiendo
707 865 742 927 in
763 863 871 928 media
893 863 963 927 fata
985 864 1172 928 incurritur.

388 964 484 1028 Ficta
506 964 571 1029 cito
593 964 636 1029 ad
657 973 808 1030 naturam
829 965 988 1029 redierint
1010 987 1114 1029 suam.

385 1067 550 1131 Fortunae
572 1065 699 1130 invidia
721 1076 780 1151 est,
804 1068 833 1131 si
856 1068 929 1154 quis
951 1067 1114 1133 immerito
1137 1068 1249 1132 miser.

387 1169 534 1234 Fortuna
555 1169 606 1232 ius
628 1169 664 1232 in
685 1167 845 1252 homines,
868 1191 974 1234 mores
996 1191 1062 1233 non
1084 1169 1194 1234 habet.

305 1277 366 1337 140
387 1270 533 1336 Fortuna
554 1292 674 1355 inagna
695 1269 828 1336 domino
852 1281 902 1336 est
923 1273 1079 1335 servitus.

387 1373 568 1438 Fortunam
590 1373 707 1458 cuique
727 1395 833 1437 mores
856 1372 1047 1457 confingunt
1069 1373 1131 1437 sui.

385 1473 534 1540 Fortuna
556 1473 666 1538 multis
689 1474 746 1539 dat
767 1474 877 1558 nimis,
899 1473 982 1539 nulli
1005 1474 1096 1538 satis.

386 1576 534 1641 Fortuna
554 1598 613 1641 nos
636 1576 751 1660 vincit,
773 1577 839 1641 nisi
859 1585 929 1642 tota
950 1577 1104 1641 vincitur.

387 1678 534 1744 Fortuna
556 1699 620 1764 quo
643 1699 689 1760 se,
714 1677 829 1743 eodem
853 1687 887 1743 et
908 1676 1046 1742 inclinat
1068 1677 1173 1743 favor.

306 1787 366 1846 145
390 1781 537 1846 Fortuna
558 1803 621 1845 usu
644 1780 701 1845 dat
722 1779 835 1863 multa,
860 1781 1022 1867 mancipio
1045 1779 1138 1845 nihil.

388 1882 557 1969 Frequens
590 1881 738 1948 vindicta
764 1904 942 1969 paucorum
970 1881 1082 1947 odium
1109 1882 1275 1968 reprimit,
1309 1882 1457 1946 omniurn

917 1984 1036 2049 irritat.
1084 2066 1086 2075 Ι

390 2085 545 2151 Geminat
567 2095 747 2172 peecatum,
771 2108 868 2173 quem
891 2085 1004 2150 delicti
1025 2107 1092 2149 non
1113 2083 1226 2171 pudet.

390 2187 540 2254 Gemitus
563 2187 690 2253 dolores
713 2188 849 2270 indicat,
873 2210 939 2253 non
960 2186 1121 2253 vindicat.

388 2287 561 2355 Gladiator
582 2290 618 2353 in
639 2311 738 2354 arena
760 2288 933 2356 consilium
955 2290 1055 2378 capit.

273 2392 276 2406 ¹
306 2396 368 2457 150
390 2388 579 2456 Gloriosum
601 2400 651 2456 est
671 2393 754 2457 iram
775 2392 873 2456 amici
894 2392 1059 2456 amicitiae
1081 2389 1172 2455 dare.

391 2492 522 2559 Gradus
545 2515 564 2558 a
586 2494 713 2579 magnis
736 2495 774 2559 fit
795 2493 838 2559 ad
860 2495 985 2559 maiora
1008 2494 1149 2580 saepius.

393 2594 557 2661 Graviora
580 2595 741 2683 quaedam
763 2606 839 2661 sunt
861 2595 1006 2662 remedia
1027 2593 1194 2684 perieulis.

390 2696 535 2763 Gravius
558 2698 720 2783 irascitur,
744 2700 802 2786 qui
824 2697 913 2785 quod
935 2698 1024 2764 dolet
1047 2697 1108 2763 deo
1131 2696 1350 2763 commendat.

389 2800 482 2864 Haec
503 2798 675 2864 clementia
696 2802 880 2889 principem
895 2800 1001 2884 decet,
1023 2808 1071 2884 ut,
1095 2821 1300 2887 quocumque
1315 2801 1462 2881 venerit,

915 2904 1134 2968 mansuetiora
1156 2903 1266 2968 omnia
1288 2900 1401 2966 faciat.

309 3009 368 3068 155
390 3001 489 3068 Haud
512 3005 617 3070 minus
640 3006 749 3091 turpia
772 3014 848 3070 sunt
870 3006 1012 3092 principi
1034 3004 1136 3070 multa
1159 3004 1334 3091 supplicia,
1360 3026 1462 3090 quam

915 3107 1041 3172 medico
1063 3105 1165 3172 multa
1187 3104 1313 3170 funera.

391 3204 465 3271 Hoc
485 3207 589 3292 magis
612 3229 760 3295 premere
781 3209 824 3273 ab
846 3209 905 3294 ira,
929 3230 992 3297 quo
1016 3209 1100 3274 iram
1120 3208 1283 3295 presseris
1306 3209 1432 3274 minus.

393 3503 452 3563 133
476 3505 511 3562 F.
600 3504 661 3563 134
685 3505 734 3563 Gr.
752 3505 815 3561 Son.
831 3504 865 3561 de
879 3506 980 3562 remed.
998 3504 1063 3562 fort.
1081 3505 1131 3578 16,
1149 3505 1190 3563 10
1275 3503 1337 3562 135
1362 3504 1398 3561 F.
1418 3505 1460 3562 61.

306 3589 496 3664 Sen.Thyest.
515 3589 575 3648 783
636 3590 696 3648 136
719 3589 825 3647 miv.
842 3590 872 3661 8,
889 3590 940 3663 24,
956 3586 986 3647 4.
1004 3589 1042 3646 Gl.
1060 3607 1142 3664 supra
1157 3609 1182 3645 v.
1196 3588 1257 3648 567
1319 3589 1381 3647 137
1404 3592 1461 3648 Ρη.

305 3675 368 3732 Son.
386 3676 420 3732 de
434 3677 512 3732 clem.
531 3675 559 3745 1,
577 3676 605 3746 1,
622 3676 640 3732 6
656 3678 798 3747 recidunt,
814 3674 886 3731 uude
902 3675 1014 3732 Godolr.
1031 3675 1130 3749 aliique
1146 3692 1199 3732 scr.
1217 3678 1379 3732 reciderint

309 3760 368 3818 138
391 3761 426 3817 F.
502 3759 560 3817 139
584 3761 632 3817 Ps.
650 3760 713 3817 Sen.
729 3761 809 3834 epist.
826 3760 912 3833 36,6
987 3759 1048 3819 140
1070 3762 1118 3818 Ps.
1137 3760 1198 3817 Seu.
1216 3777 1293 3816 cons.
1311 3759 1460 3836 adPolyh.

188 3843 190 3847 ’
308 3844 373 3917 6,5
447 3843 506 3900 141
532 3845 585 3900 Bo.
603 3844 683 3902 Corn.
700 3846 767 3919 Nep.
784 3846 840 3901 Att.
858 3845 896 3900 11
981 3845 1039 3901 142
1063 3847 1113 3903 Ps.
1203 3845 1262 3903 143
1287 3846 1379 3903 Grex
1395 3846 1459 3903 cod.

306 3929 389 3985 Palut.
418 3928 481 3985 Son.
499 3928 532 3983 de
548 3936 635 3987 const.
652 3946 708 4003 sap.
728 3931 776 4002 15,
792 3929 811 3987 3
911 3929 971 3986 144
994 3930 1043 3987 Ps.
1142 3929 1203 3987 145
1226 3931 1275 3987 Pu.
1294 3929 1358 3987 Son.
1375 3933 1461 4004 epist.

307 4014 357 4086 72,
374 4013 392 4070 7
480 4011 541 4070 146
564 4013 618 4070 Ρη.
636 4013 699 4070 Son.
715 4015 841 4071 declam.
861 4015 889 4086 1,
906 4015 935 4089 8,
953 4015 970 4072 6
1060 4014 1119 4072 147
1142 4016 1192 4074 Ps.
1209 4014 1285 4071 llaec.
1302 4015 1377 4072 Balh.
1394 4016 1458 4073 Par.

307 4099 357 4171 81,
371 4117 418 4173 pg.
435 4097 475 4154 42
581 4097 640 4156 148
666 4098 707 4155 Gr
722 4116 754 4155 er
769 4099 829 4156 cod.
844 4099 927 4156 Polst.
1031 4099 1091 4158 149
1114 4100 1169 4159 Bo.
1186 4100 1250 4157 Seu.
1269 4102 1350 4175 epist.
1368 4100 1423 4174 22,
1441 4104 1458 4158 1

404 4183 465 4242 150
486 4185 523 4241 R.
539 4184 602 4240 Seu.
618 4183 651 4239 (le
666 4185 705 4240 ira
721 4183 751 4256 2,
767 4183 854 4257 34‚4
964 4183 1460 4257 151Pn.sen.ue01em.1,1,7

408 4268 467 4325 152
490 4270 540 4326 Ps.
557 4268 595 4325 Gl.
612 4269 675 4325 Son.
692 4268 784 4326 Medea
799 4268 860 4327 436
877 4270 917 4327 ed.
935 4271 1040 4344 Peiperi
1150 4271 1209 4328 153
1235 4272 1267 4340 Q.
1285 4269 1364 4328 Gaec.
1380 4271 1458 4327 Balb.

306 4353 366 4410 Par.
384 4353 434 4427 64,
450 4372 497 4428 pg.
514 4353 555 4410 42
644 4353 703 4412 154
728 4355 777 4411 Go.
795 4354 857 4411 Sen.
874 4355 906 4410 de
922 4356 1000 4412 clem.
1018 4356 1046 4427 1,
1066 4356 1148 4430 16,1
1232 4354 1293 4414 155
1317 4355 1372 4414 Pa.
1390 4356 1459 4414 Seu.

308 4438 341 4495 de
356 4439 433 4495 clun.
451 4439 480 4512 1,
497 4438 548 4513 24,
567 4440 582 4495 1
673 4439 732 4498 156
757 4440 798 4496 Gr
814 4439 842 4496 2.
860 4439 935 4498 Grec.
952 4439 1024 4497 Balh.
1040 4440 1112 4499 Mon.
1130 4441 1269 4515 5,1,pg.
1289 4440 1327 4498 21
