3044 5124
646 1281 789 1367 Incerti
820 1281 994 1366 auctoris
1019 1279 1131 1383 liber,

471 1446 474 1451 ’
529 1419 597 1529 qui
626 1418 747 1529 vulgo
779 1416 920 1502 dicitur
952 1421 1001 1502 de
1032 1414 1256 1502 moribus*

361 1630 388 1685 1.
414 1622 519 1687 Omne
542 1627 712 1707 peecatum
734 1619 818 1681 actio
842 1625 907 1700 est,
930 1618 1016 1682 actio
1033 1626 1143 1681 autem
1159 1618 1264 1681 omnis
1281 1616 1471 1682 voluntaria

412 1733 461 1788 est
483 1732 551 1788 tarn
565 1722 702 1786 honesta
717 1741 815 1807 quam
829 1720 950 1807 turpis:
975 1741 1052 1805 ergo
1068 1717 1291 1785 voluntarium
1308 1730 1359 1785 est
1374 1744 1472 1786 omne

411 1834 591 1913 peccatum.
636 1820 756 1887 Tollite
779 1823 1038 1886 excusationem:
1061 1842 1156 1885 nemo
1178 1831 1294 1908 peccat
1316 1823 1458 1887 invitus.

360 1936 388 1990 2.
413 1927 575 1991 Educatio
592 1934 623 1988 et
639 1922 814 2010 disciplina
831 1945 935 1988 mores
951 1923 1087 2006 faciunt,
1110 1933 1141 1987 et
1156 1924 1199 1987 ad
1214 1923 1250 1988 id
1265 1925 1354 1989 vivit
1370 1949 1471 1990 unus·

413 2031 566 2116 quisque,
598 2025 685 2113 quod
714 2024 841 2090 didicit.
886 2025 1003 2112 Itaque
1030 2025 1117 2090 bona
1144 2024 1347 2090 consuetudo
1372 2049 1471 2091 excu-

413 2140 483 2195 tere
512 2127 627 2212 debet‚
657 2127 744 2215 quod
771 2126 857 2192 mala
880 2128 1047 2193 instruxit.
1092 2126 1182 2190 Bene
1204 2125 1357 2213 loquere,
1388 2129 1474 2194 bene

416 2231 528 2295 facias.

363 2343 393 2403 3.
416 2331 508 2398 Nihil
529 2333 677 2414 interest,
701 2353 765 2418 quo
787 2333 896 2397 animo
919 2330 1033 2414 facias,
1060 2331 1147 2417 quod
1169 2331 1288 2396 fecisse
1312 2334 1474 2399 vitiosum

414 2444 475 2519 est,
499 2436 575 2521 quia
610 2435 698 2500 facta
721 2442 907 2517 cernuntur,
930 2433 1057 2498 animus
1079 2455 1157 2498 vero
1172 2456 1237 2499 non
1253 2432 1401 2500 videtur.
1460 2456 1463 2461 “

362 2545 393 2602 A.
416 2535 515 2601 Nulla
532 2536 646 2622 (enim)
662 2535 733 2601 laus
758 2546 887 2601 estnon
903 2535 1021 2619 facere,
1045 2536 1131 2622 quod
1146 2535 1254 2601 facere
1269 2558 1337 2601 non
1353 2538 1473 2625 possis.

362 2649 390 2706 5.
414 2638 504 2719 Quid
527 2647 577 2703 est
598 2639 722 2704 homini
744 2637 1034 2702 inimicissimum?
1058 2636 1141 2703 alter
1162 2638 1269 2703 horne.

363 2750 390 2807 6.
415 2741 573 2806 Libenter
587 2740 686 2823 feras,
699 2740 785 2827 quod
801 2761 935 2805 necesse
950 2749 1014 2805 est:
1032 2739 1123 2805 dolor
1137 2740 1299 2827 patientia
1313 2743 1473 2809 vincitur.

403 2950 421 2987 ’l‘
436 2952 531 3008 LIBER
548 2951 696 3007 SENECAE
713 2954 794 3008 codd.
807 2951 936 3026 Saaqall.
951 2951 1008 3007 141
1024 2950 1089 3024 (Ga)
1105 2948 1278 3030 11238916)
1293 2970 1375 3010 saec.
1390 2960 1472 3027 nont,

322 3042 423 3097 collati
437 3058 454 3094 a
472 3038 539 3094 Car.
558 3037 728 3094 Scheatelr‘c
745 3036 880 3111 (Beitrtge
896 3036 1044 3093 111Κ11611
1061 3037 1108 3093 des
1125 3038 1241 3110 Seneca,
1260 3039 1360 3110 1864,
1377 3059 1406 3114 p.
1424 3041 1474 3112 39)

321 3123 357 3198 (G
371 3148 413 3169 =
430 3123 631 3196 Saaqaltcasis
651 3120 801 3196 aterque),
822 3121 1010 3177 PROVERBIA
1031 3121 1178 3178 SENECAE
1200 3125 1262 3179 cod.
1281 3125 1371 3182 Paris
1388 3126 1469 3182 7581

321 3225 398 3266 saec.
415 3210 446 3263 X
461 3204 519 3285 (S),
543 3207 638 3263 LIBER
660 3206 807 3264 SENECAE
828 3207 869 3261 DE
889 3206 1123 3263 INSTITVTIONE
1145 3207 1265 3275 MORVM
1288 3213 1352 3266 cod.
1370 3211 1469 3266 Pario.

320 3298 371 3351 lat.
389 3294 419 3350 S.
445 3295 513 3350 Vict.
531 3292 607 3365 672,
630 3309 708 3350 saec.
727 3292 793 3349 XII
807 3287 874 3368 (V),
895 3291 991 3366 Incipit
1007 3293 1128 3348 elusdem
1143 3292 1176 3349 de
1193 3288 1314 3351 moribus
1332 3296 1374 3351 vel
1392 3296 1471 3352 disci·

321 3380 393 3454 plina
415 3396 464 3435 seu
485 3378 570 3435 libero
592 3377 701 3434 arbitrio
724 3379 785 3435 cod.
807 3378 903 3434 Paris.
924 3381 976 3433 lat.
1000 3378 1081 3435 8027
1104 3394 1182 3436 saec.
1200 3379 1247 3436 XI
1256 3379 1293 3452 V,
1317 3380 1346 3435 L.
1368 3381 1470 3437 Anund

322 3466 439 3522 Senecae
465 3462 532 3520 liber
558 3463 591 3520 de
612 3463 747 3536 moribus,
764 3465 800 3519 >in
824 3480 879 3537 quc
900 3461 1055 3518 notabiliter
1075 3471 1102 3518 et
1125 3464 1266 3539 eleganter
1287 3467 1356 3521 vitae
1379 3484 1470 3522 mores

322 3558 428 3606 enarrat
449 3551 512 3606 cod.
533 3548 628 3605 Paris.
650 3551 700 3606 lat.
724 3548 822 3620 6391,
849 3547 949 3604 Seneca
971 3547 1004 3603 de
1027 3547 1147 3604 moribus
1169 3553 1214 3606 ael
1235 3554 1367 3608 stmr'lr'tcr
1390 3554 1468 3608 codd.

322 3637 417 3691 Paris.
435 3636 486 3691 lat.
504 3633 585 3691 6395
602 3634 642 3704 Α,
665 3633 763 3705 6379,
786 3633 884 3706 6380,
908 3631 1013 3705 6384,
1024 3633 1123 3705 6395,
1141 3634 1240 3706 7329,
1257 3634 1357 3707 8545,
1376 3636 1467 3707 8546,
1500 3698 1502 3701 ,

239 3740 240 3745 “
322 3718 421 3791 8552,
440 3722 572 3793 plerique
594 3735 672 3775 saec.
694 3719 782 3790 XIV,
805 3721 867 3776 cccl.
889 3718 1005 3774 Monac.
1027 3721 1079 3775 lat.
1103 3719 1208 3777 17290
1228 3736 1307 3776 saec.
1325 3723 1389 3778 XV

324 3806 340 3860 1
365 3803 409 3877 Cf.
426 3804 538 3861 Seneca
554 3808 635 3876 epist.
654 3805 704 3876 66,
721 3804 760 3860 16
777 3801 874 3860 ‘Omne
890 3805 1035 3858 honestum
1051 3802 1231 3860 voluntarium
1247 3804 1312 3861 cst’.
1390 3806 1408 3861 2
1431 3809 1466 3862 to·

319 3883 436 3964 struxit]
453 3889 584 3944 incussit?
606 3889 775 3945 introduxit?
863 3888 907 3960 Cf.
926 3888 996 3944 Sall.
1016 3888 1122 3961 0113,
1141 3890 1156 3945 1
1175 3887 1380 3963 ε8111111111,
1401 3891 1462 3947 hene
1518 3949 1520 3965 .

323 3972 433 4030 dicere'.
476 3972 547 4029 Bene
563 3973 641 4029 decet
656 3974 742 4047 loqui,
758 3972 826 4030 bene
841 3973 920 4029 dccet
937 3973 1023 4030 lacere
1040 3977 1101 4031 aad.
1118 3975 1215 4031 Paris.
1230 3975 1323 4046 6379,
1341 3979 1379 4032 al.
1394 3979 1460 4033 andr

323 4061 455 4116 Haasr'as
470 4059 541 4114 Bene
562 4058 643 4114 docet
663 4059 754 4132 loqui,
777 4060 821 4134 qui
837 4058 905 4115 bene
921 4059 1001 4114 docet
1016 4059 1103 4116 locere
1190 4059 1208 4116 3
1231 4061 1367 4118 Lactant.
1383 4065 1457 4118 insat
1509 4058 1512 4069 ”

324 4144 351 4215 3,
371 4145 409 4201 15
426 4144 520 4217 ‘Atqui
535 4143 634 4199 nihili.
653 4159 717 4217 qa.
734 4144 752 4198 l.
769 4162 795 4217 q.
811 4144 832 4199 l.
849 4152 941 4215 uest,
958 4162 984 4217 q.
1002 4144 1022 4200 l.
1040 4162 1062 4201 c.
1079 4162 1102 4202 a.
1117 4162 1174 4200 non
1189 4146 1225 4200 v.'
1291 4145 1312 4200 4
1335 4146 1457 4203 Lactaat.

322 4231 410 4285 tastit.
428 4230 456 4302 6,
473 4228 513 4286 23
530 4227 620 4284 ‘Nulla
632 4229 721 4302 ‘igitur
736 4226 814 4285 lest
828 4247 855 4285 n.
872 4229 891 4285 f.
910 4247 936 4303 q.
954 4229 973 4289 l.
991 4248 1017 4288 n.
1027 4230 1067 4304 p.'
1126 4231 1145 4286 5
1170 4231 1216 4302 Cf.
1233 4231 1379 4288 Ausonius
1390 4232 1459 4302 Sept.

324 4331 387 4384 sap.
406 4320 476 4371 seat
495 4315 523 4384 1,
541 4313 568 4370 2.
607 4314 790 4370 Anacharsis
805 4332 852 4388 ap.
870 4315 945 4371 stoc.
960 4318 1025 4388 (lor.
1043 4315 1073 4388 2,
1089 4314 1140 4372 43.
1207 4317 1225 4372 6
1250 4316 1335 4373 Serti
1348 4318 1459 4389 Pqttaq.

325 4406 399 4455 sent.
417 4399 476 4455 111
493 4397 612 4471 (Opasc.
629 4406 700 4456 seat.
718 4405 745 4456 et
759 4419 828 4456 mor.
845 4402 888 4457 ad.
907 4400 954 4459 Or.
970 4401 1001 4474 I,
1018 4417 1068 4476 pq.
1087 4399 1160 4474 254)
1180 4400 1244 4458 ‘Fer
1265 4402 1339 4476 quod
1357 4417 1459 4458 necesso
1510 4401 1511 4409 ²
