3014 5116
494 349 769 400 raonsuonnns.
848 416 859 441 ο
1162 335 1205 399 45

54 502 208 589 ignotum
229 503 349 584 fuisse,
373 523 470 589 quam
492 512 692 568 vetustorum
716 502 863 568 codicum
886 503 1086 589 corruptelae
1108 525 1203 588 quac-

55 604 151 687 dam,
183 627 265 691 quae
294 627 336 667 ex
359 603 594 682 Gelliofacile
624 606 733 669 sanari
761 613 926 692 poterant,
956 603 1059 669 veluti
1086 627 1118 672 v.
1141 605 1202 668 221

55 709 146 772 heres
167 707 268 790 fictas
311 707 352 769 111
374 707 609 770 recentioribus
634 707 763 770 demum
786 706 953 772 codicibus
973 716 1004 771 et
1019 725 1133 771 versus
1149 705 1204 769 ille

56 808 251 872 emendatus
284 807 406 892 legitur
434 818 465 872 ct
493 810 675 873 certissima
708 815 895 898 comparent
923 808 1024 874 Gellii
1052 808 1204 892 vestigia,

6 962 12 971 .
57 933 112 973 ex.
140 933 190 994 gr.
220 911 254 972 111
283 909 395 973 codice
419 908 458 990 C,
494 920 525 974 et
553 912 588 974 in
610 911 846 998 Bambergensi
874 935 928 1000 pg.
952 914 991 977 67
1016 911 1205 976 ‘Sententiae

58 1012 170 1077 Pauca
198 1014 242 1076 ad
267 1033 458 1076 commaneat
491 1033 583 1077 asara
617 1017 873 1080 accommodatae.
916 1015 1112 1097 Beneficium
1139 1017 1204 1076 eta’
1282 1014 1285 1019 ’

57 1136 142 1200 quae
170 1113 272 1177 verba
300 1136 343 1177 ex
370 1114 442 1200 ipso
471 1112 579 1178 Gellio
607 1118 711 1201 petita
739 1126 824 1180 sunt.
870 1114 964 1194 Quae
993 1137 1066 1179 cum
1095 1115 1142 1177 ita
1170 1135 1204 1176 se

56 1216 212 1299 habeant,
236 1215 415 1278 sententias
434 1213 601 1280 Gellianus
625 1227 751 1281 tantum
772 1241 837 1282 nou
859 1239 969 1283 omnes
991 1225 1131 1281 aetatem
1152 1225 1204 1279 tu-

56 1316 138 1380 lisse
160 1318 304 1380 maxime
326 1327 375 1382 est
397 1317 627 1402 verisimile*).
668 1378 678 1394 ,
1058 1295 1070 1313 ⁵

144 1418 258 1484 Altera
281 1421 429 1505 quaestio
453 1421 600 1484 exoritur
621 1421 717 1485 haec:
745 1431 876 1487 utrum
900 1420 1120 1486 sententiis
1145 1420 1202 1483 in-

58 1542 149 1585 esse
183 1520 389 1586 credamus
423 1520 594 1586 aliorum
623 1546 776 1611 quoque
803 1532 1011 1612 poetarum
1041 1531 1204 1609 praeter

56 1622 282 1688 Publilium
305 1645 447 1687 versus
469 1623 615 1713 necne?

144 1726 195 1788 Ac
217 1725 259 1789 de
281 1726 435 1790 Terentio
464 1715 597 1812 quidem
620 1736 652 1791 et
673 1728 813 1792 Laberio
842 1726 986 1791 breviter
1009 1725 1133 1791 dictum
1156 1736 1205 1790 est

55 1850 114 1915 pg.
141 1829 177 1908 4,
212 1827 307 1891 Marii
338 1850 453 1921 versus
481 1830 588 1892 inesse
623 1830 786 1894 immerito
820 1832 1005 1915 suspicatur
1033 1827 1204 1910 Baehrius,

57 1929 136 1994 hist.
161 1928 223 1993 litt.
239 1931 333 1994 Rom.
357 1928 467 2014 voli.
491 1930 542 1993 ed.
558 1931 588 1995 4.
612 1953 667 2017 pg.
683 1932 756 1996 330.
803 1930 868 1996 Sed
892 1953 967 1994 ecce
990 1931 1204 2016 gravissimus
1240 1953 1242 1957 ’

55 2031 155 2095 nobis
178 2041 291 2096 auctor
306 2031 471 2100 inducitur
485 2033 524 2096 L.
542 2031 748 2118 Spengelius,
771 2018 956 2097 1101111111
973 2032 1072 2098 Statii
1087 2033 1203 2117 fragm.

56 2156 115 2220 pg.
139 2135 158 2198 7
186 2130 233 2196 ita
255 2133 434 2198 disserens:
465 2134 522 2198 ‘la
550 2135 659 2198 latiaris
681 2135 756 2218 Syri
783 2137 942 2200 seateata'a's
965 2137 1091 2218 pariter
1113 2139 1205 2216 atque
1247 2211 1248 2215 Ἰ

55 2239 94 2300 a'a
110 2235 289 2300 Menandri
308 2238 429 2318 praecis
446 2238 546 2319 plara
568 2239 694 2301 cetastis
716 2240 839 2302 conticis
861 2243 890 2303 et
911 2240 1041 2320 trapc'ea's
1063 2241 1204 2317 excerpta
1255 2304 1258 2310 ⁴

57 2339 166 2402 lateat.
214 2338 301 2417 Quae
323 2341 378 2420 qai
398 2341 488 2403 aoba's
510 2341 653 2422 seruauit,
677 2341 741 2404 atsi
756 2361 793 2403 ea
807 2342 885 2422 ipsis
899 2345 1062 2404 auctorata
1075 2339 1203 2419 fabalia,
1228 2371 1239 2402 x
1268 2411 1272 2416 κ

55 2462 72 2503 e
97 2440 187 2504 libris
208 2445 344 2503 aeteram
365 2461 450 2504 aaac
471 2441 646 2523 deperditis
671 2442 777 2521 quales
796 2440 930 2505 Senecae
951 2438 1046 2504 Gala
1068 2441 1205 2504 alterata

23 2562 25 2565 ’
54 2547 148 2620 suat,
178 2543 333 2623 descripta
354 2544 528 2624 eoapessa't’.
573 2541 615 2605 Id
636 2540 724 2605 haud
747 2542 846 2607 dubie
869 2543 1017 2629 scripsit,
1047 2563 1120 2604 cum
1142 2540 1204 2604 Bo-

33 2643 122 2706 xthii
151 2641 216 2706 fide
244 2643 384 2708 confisus
407 2642 543 2708 Publilii
566 2665 637 2706 esse
660 2654 816 2727 sumeret,
845 2653 1002 2730 quotquot
1024 2642 1079 2716 ille
1101 2641 1205 2705 edidit

57 2746 256 2826 sententias,
285 2739 372 2832 quod
394 2755 503 2808 tamen
525 2745 645 2810 falsum
668 2768 739 2811 esse
761 2747 826 2809 iam
848 2769 946 2832 supra
968 2745 1203 2809 demonstravi-

55 2870 143 2911 mus.
188 2846 279 2927 Quid
301 2846 418 2912 multa!
443 2847 537 2928 Quae
560 2847 753 2934 Spengelius
770 2848 933 2935 Sophocli,
957 2845 1120 2935 Euripidi,
1137 2840 1205 2910 Enss
1313 2932 1315 2935 Ι

54 2951 131 3032 nio,
155 2948 312 3033 Varroni,
337 2950 488 3015 Ciceroni
510 2950 675 3033 vindicat,
699 2973 741 3013 ex
763 2952 804 3014 iis
826 2951 908 3039 ipsis
931 2949 1118 3014 auctoribus
1140 2970 1204 3011 non
1307 2976 1310 2978 ·

55 3051 204 3116 indicato
226 3050 316 3116 fonte
338 3051 476 3116 Bothius
505 3053 628 3139 primus
652 3050 847 3117 Publilianis
870 3053 1040 3116 sententiis
1061 3052 1203 3114 inserue-

55 3163 122 3237 rat,
146 3176 219 3217 cum
241 3155 276 3216 111
298 3153 466 3219 codicibus
482 3156 602 3250 nostris
617 3176 678 3218 nec
694 3154 769 3220 vola
784 3176 844 3218 nec
860 3155 1037 3239 vestigium
1052 3154 1204 3243 supersit.

130 3411 161 3475 *)
180 3413 463 3463 11111111111111111111111
483 3420 526 3463 111
544 3415 576 3463 de
595 3404 691 3480 paucis
710 3414 874 3478 quibusdam
894 3414 1050 3473 sententiis,
1070 3427 1139 3476 quas
1158 3411 1204 3461 Se·
1238 3410 1241 3415 ’

56 3512 131 3548 neca
150 3497 327 3563 philosophus
346 3515 400 3548 non
419 3498 513 3548 addito
533 3501 655 3550 auctoris
668 3500 776 3549 nomine
791 3499 893 3560 attulit,
911 3498 998 3549 veluti
1012 3497 1092 3561 epist.
1106 3498 1148 3560 94,
1161 3499 1202 3545 43.

58 3585 121 3646 108,
138 3578 181 3633 ⁴11}
216 3585 283 3634 Nam
304 3583 365 3634 fieri
383 3590 482 3650 potest,
501 3589 532 3634 ut
550 3599 646 3635 versus

231 3699 343 3753 Avarus
361 3700 472 3754 aaa’aaas
489 3700 567 3753 uallo
579 3694 702 3754 satiatur
719 3701 803 3753 lucra

235 3783 315 3854 Quod
332 3785 391 3838 aalt
408 3785 500 3851 habet,
519 3785 568 3852 qai
584 3786 652 3839 aelle
671 3785 744 3853 qaod
761 3783 830 3862 satis
848 3787 885 3836 est
899 3787 996 3850 potest.

57 3906 199 3965 omiserit,
218 3908 264 3971 qui
283 3908 483 3987 sententiarum
503 3924 601 3972 corpus
620 3907 710 3958 Gellio
729 3908 868 3972 cognitum
887 3908 1051 3971 composuit,
1071 3921 1132 3954 cum
1150 3904 1205 3953 sint

51 3990 185 4044 Publilii.
221 3993 279 4059 Iarp
298 4007 361 4066 vero
381 4008 451 4057 quae
470 3993 572 4058 legitur
590 3993 730 4042 sententia
748 4008 792 4057 ap.
812 3991 927 4053 Quintil.
946 3992 973 4053 8,
992 3993 1021 4051 5,
1039 3992 1068 4052 ὅ,
1092 4005 1125 4039 10
1143 3990 1204 4053 ipso

55 4078 131 4135 loco,
152 4092 203 4140 quo
217 4077 329 4127 dicendi
346 4077 397 4127 illc
407 4079 540 4142 magister
552 4093 616 4128 usus
630 4082 672 4128 est
684 4077 809 4143 exemplo
822 4077 980 4128 Publiliano
995 4073 1042 4139 (cf.
1055 4075 1090 4124 ad
1103 4091 1129 4128 v,
1142 4073 1204 4135 628)

222 4193 310 4247 -Mars
326 4188 427 4250 misera
444 4208 502 4246 aaa
519 4199 570 4260 est,
588 4193 684 4246 aditus
701 4194 740 4247 ad
757 4198 867 4247 mortem
885 4197 924 4245 est
940 4191 1029 4244 miser.

29 4322 34 4333 ‘
54 4317 187 4369 senarius
206 4317 311 4381 quidem
332 4321 382 4375 est,
402 4317 470 4380 quod
490 4317 563 4382 fugit
579 4316 762 4382 Bonnellium,
780 4316 829 4367 sed
848 4331 910 4365 num
925 4311 1039 4364 Publilii
1056 4274 1137 4363 valde
1156 4293 1204 4363 du·

53 4405 130 4456 bitu.
170 4402 212 4453 cf.
232 4418 314 4468 supra
332 4418 377 4468 pg.
399 4405 438 4451 13.
